4678 5748
1192 425 1231 487 lc

357 609 544 694 plerumque
566 607 721 675 exhibent
751 603 849 676 obre.
895 613 1009 694 Neque
1033 613 1222 678 contrarium
1245 613 1373 698 fugiunt
1395 621 1534 694 veteres,
1568 619 1604 679 ut
1625 611 1782 679 vocabula
1813 609 1903 678 iuxta
1928 617 2058 696 ponant,

357 733 441 796 quae
465 713 584 780 crebris
607 733 795 798 asperarum
818 717 1059 782 consonantium
1074 717 1338 782 concursionibus
1353 717 1450 783 facile
1466 716 1589 801 concipi
1603 737 1666 782 nou
1689 723 1822 802 possunt
1837 737 1891 780 ore
1908 715 2057 781 humano.

359 817 451 894 Quae
474 817 544 890 soni
566 817 724 900 asperitas
747 818 938 883 elocutionis
967 820 1158 902 gravitatem
1181 827 1290 904 anget.
1338 821 1429 885 Hanc
1451 821 1652 904 Thucydidis
1677 819 1940 886 cousuetudinem
1962 819 2057 884 Dion.

356 921 431 985 Hal.
457 920 615 1004 exemplis
646 939 686 984 cx
708 920 799 984 initio
827 921 901 986 libri
923 923 1017 1005 primi
1039 923 1145 1006 petitis
1178 923 1307 1008 probat:
1353 922 1560 1010 Θονκυδίδης
1581 917 1764 1009 Ἀθηναῖος
1787 923 1978 1006 ξυνέγραψε
2002 917 2061 986 τὸν

358 1020 509 1104 πόλεμον
537 1029 603 1087 τῶν
625 1023 915 1109 Πελοποννησίων
937 1025 994 1087 καὶ
1016 1019 1219 1112 Ἀθηναίων,
1250 1025 1305 1091 ubi
1328 1027 1449 1107 ν-ξ,
1476 1051 1553 1092 ν-
1570 1049 1605 1104 rr,
1638 1049 1758 1104 ν-τ,
1791 1049 1922 1104 ν--ιτ,
1948 1043 2079 1089 ν-κ’

357 1135 547 1192 concurrunt
569 1133 601 1192 et
624 1126 731 1191 hiatur
758 1134 846 1192 extat
874 1128 930 1190 ael
954 1122 1159 1214 Ἀθηναίων.
1206 1131 1308 1208 Quarn
1338 1130 1530 1194 indicendo
1559 1129 1766 1212 asperitatem
1796 1128 1981 1193 cautissime
2004 1127 2061 1192 dc-

357 1229 480 1294 clinant
502 1237 660 1311 oratores,
693 1229 748 1312 qui
772 1230 857 1294 omni
880 1229 986 1297 studio
1009 1233 1051 1308 ad
1074 1233 1262 1298 elocutionis
1292 1232 1562 1318 pulchritudinem
1585 1241 1617 1296 et
1644 1232 1837 1314 elegantiam
1867 1231 2060 1296 nitebantur.

358 1332 530 1398 Isocratem
555 1333 684 1414 quidem
708 1335 804 1417 plane
827 1334 948 1399 hiatum
971 1335 1094 1417 fugisse
1112 1343 1235 1400 constat
1249 1357 1290 1402 ex
1305 1337 1372 1402 Oic.
1391 1343 1471 1401 orat.
1493 1341 1552 1399 44:
1580 1355 1652 1401 nam
1677 1335 1759 1400 utin
1782 1335 1921 1417 legendo
1936 1335 2057 1414 oculus,

357 1436 403 1500 sic
433 1436 559 1501 animus
589 1436 621 1500 in
652 1437 788 1502 dicendo
818 1438 1006 1522 prospiciet,
1043 1438 1121 1521 quid
1154 1447 1315 1522 sequatur,
1353 1459 1393 1504 ne
1423 1447 1635 1504 extremorum
1666 1439 1832 1504 verborum
1867 1457 1936 1502 curn
1972 1437 2060 1502 inee-

355 1539 527 1620 quentibus
550 1539 661 1622 primis
685 1557 857 1604 concursus
879 1548 935 1605 aut
957 1539 1081 1606 hiulcas
1104 1562 1198 1608 voces
1222 1542 1341 1608 efficiat
1364 1548 1420 1606 aut
1449 1561 1593 1626 asperas.
1640 1543 1748 1624 Pergit
1769 1541 1899 1607 deinde:
1941 1542 1975 1605 in
1998 1559 2060 1622 quo

355 1641 487 1724 quidam
517 1639 760 1726 Theopompum
794 1643 891 1708 etiam
925 1644 1180 1728 reprehendunt,
1217 1645 1303 1728 quod
1336 1663 1392 1709 eas
1427 1645 1537 1710 literas
1573 1651 1662 1710 tanto
1693 1665 1789 1728 opere
1828 1644 1962 1726 fugerit,
1999 1643 2060 1708 etsi

355 1745 442 1810 idem
472 1745 625 1827 magister
658 1745 727 1810 cius
754 1747 931 1812 Isocrates:
970 1755 1005 1814 at
1029 1769 1100 1814 -nou
1127 1748 1351 1832 Thucydides,
1389 1767 1429 1812 nc
1458 1748 1514 1812 ille
1544 1747 1673 1830 quidem
1703 1747 1788 1813 haud
1823 1748 1931 1832 paullo
1960 1747 2061 1811 maior

358 1847 492 1932 scriptor
513 1848 616 1915 Plato.

442 1951 571 2017 Hiatum
595 1951 764 2018 admittere
781 1953 1027 2038 Xenophontem
1052 1975 1093 2020 cx
1114 1956 1262 2020 omuibus
1285 1956 1354 2021 eiua
1377 1954 1470 2019 libris
1492 1973 1683 2037 cognoscem
1710 1955 1813 2019 Anab.
1840 1954 1908 2048 I.¹²
1933 1957 1957 2014 l:
1985 1951 2060 2015 ἐπεὶ

356 2051 561 2142 dijudicer
583 2049 845 2141 καὶυὺνιώπτοοε
869 2054 1026 2144 τελευτὴν
1048 2065 1107 2123 τοῦ
1136 2055 1458 2143 βίονψίβούλετόψοῖ
1481 2055 1527 2120 τὼ
1549 2051 1861 2145 νιοῑδενᾶμφοτὲριο
1885 2067 2056 2142 παρεῖναι.

356 2158 416 2224 Hic
437 2159 607 2241 quinquies
630 2159 737 2225 hiatus
761 2160 923 2246 recipitur,
956 2161 1005 2226 bis
1034 2162 1124 2227 initio
1147 2160 1221 2227 Oce.
1254 2157 1408 2226 Ἤκουσα
1439 2161 1475 2224 δέ
1503 2155 1720 2246 ποτενούτοῦ
1742 2160 1799 2224 καὶ
1822 2158 2060 2245 περὶυοίκονο-

356 2266 436 2343 plag
459 2259 571 2326 τοιάδε
595 2263 845 2346 διαλεγομένου.
894 2263 960 2328 Otr.
985 2263 1071 2329 Hell.
1095 2265 1112 2328 Ι
1137 2269 1164 2346 1,
1185 2268 1205 2328 2
1228 2263 1260 2329 οἱ
1283 2257 1640 2351 ὄὲνᾶνηγάγοντονέί
1667 2257 1781 2328 αὐτόν.
1829 2263 1941 2346 Neque
1963 2267 2060 2346 μέχρι

357 2359 431 2430 ante
454 2365 596 2430 vocalem
621 2367 826 2450 Xenophonti
855 2366 1048 2432 demendum
1072 2374 1122 2432 est
1143 2387 1247 2450 neque
1278 2362 1375 2449 οὕτω,
1408 2387 1599 2450 quamquam
1631 2367 1696 2430 leni
1727 2365 1852 2431 medela
1881 2370 1998 2452 μέχρις
2028 2373 2061 2430 et

357 2462 463 2543 οὕτως
486 2469 601 2552 corrigi
623 2473 759 2554 potest*
792 2471 899 2554 Saepe
921 2471 1017 2535 etiam
1040 2471 1073 2535 in
1089 2471 1159 2536 eius
1183 2471 1273 2536 libris
1296 2471 1379 2536 male
1396 2470 1488 2536 deest
1503 2475 1526 2534 ν
1544 2465 1785 2555 ἕοελκοστικόν
1807 2477 1882 2534 aute
1902 2469 2057 2550 vocalem,

358 2571 442 2654 quod
466 2578 517 2637 est
538 2571 570 2634 in
593 2572 734 2655 vulgatis
757 2573 962 2654 editionibus,
989 2583 1021 2638 ct
1043 2579 1161 2639 temere
1178 2572 1307 2639 additur
1327 2581 1403 2638 ante
1426 2578 1700 2639 consonantem&
1741 2574 1808 2638 Hoc
1830 2581 1938 2638 temen
1960 2572 2060 2636 inter-

356 2683 406 2740 eat
433 2675 516 2740 inter
546 2680 670 2740 veteres
699 2683 795 2758 atque
818 2676 1064 2760 Xenophontem
1095 2697 1165 2742 cum
1196 2677 1442 2756 recentioribus,
1476 2677 1560 2758 quod
1586 2683 1713 2741 veteres
1743 2676 1875 2741 consilio
1904 2675 2060 2740 sermonis

357 2778 561 2862 asperitatem
584 2778 733 2862 neglecta
755 2778 897 2844 elideudi
920 2779 973 2844 vel
995 2779 1079 2844 alius
1102 2779 1236 2844 remedii
1259 2781 1427 2846 occasione
1449 2780 1611 2860 affectant,
1642 2779 1835 2843 recentiores
1859 2777 1979 2843 hiatum
2002 2797 2061 2842 ue-

356 2901 416 2963 que
440 2881 568 2964 fugiunt
590 2901 693 2963 neque
716 2881 834 2947 iudicio
857 2882 1012 2947 efficiunt.
1096 2893 1099 2902 “

443 3071 512 3134 Hac
534 3070 689 3138 relatione
712 3071 845 3154 primam
869 3079 992 3156 partem
1009 3072 1285 3138 commentationis
1301 3070 1458 3154 concludi,
1486 3092 1557 3136 cum
1572 3072 1706 3137 alteram
1728 3078 1824 3152 atque
1846 3071 1974 3137 tertiam
1997 3071 2060 3136 alio

355 3180 499 3256 tempore
528 3179 666 3238 tractare
694 3174 728 3240 in
750 3174 857 3240 auimo
888 3176 1038 3241 habeam.
1085 3176 1246 3240 Nonnulla
1269 3175 1399 3258 quidem
1421 3195 1531 3240 earum
1554 3194 1669 3255 rerum,
1703 3173 1882 3256 dequibus
1910 3175 2056 3254 disserui,

356 3277 478 3342 leviora
501 3295 574 3342 csse
596 3275 766 3344 videantur
791 3299 895 3361 neque
926 3279 1041 3362 digna,
1076 3299 1159 3363 quae
1181 3280 1390 3362 attingantur,
1424 3279 1481 3345 sed
1512 3285 1547 3344 ut
1576 3299 1642 3343 rern
1672 3278 1830 3362 integram
1861 3277 2055 3363 perficerem,

354 3380 414 3445 illa
443 3379 521 3444 mihi
543 3401 607 3445 non
629 3382 864 3466 praetereunda
887 3403 959 3448 esse
982 3383 1175 3448 existimavi.
1223 3383 1451 3466 Aequiescam,
1484 3382 1513 3447 si
1536 3382 1615 3447 forte
1639 3382 1806 3465 paululum
1829 3380 1873 3445 ad
1895 3381 2059 3447 illustran-

356 3483 431 3548 dam
454 3483 626 3550 dialectum
649 3484 915 3570 chophouteam
938 3488 1111 3553 contulero.

366 3625 388 3630 -.
407 3625 612 3632 ——-.—---——-
632 3627 665 3632 -

442 3710 457 3740 a
475 3707 600 3772 Voemcl,
621 3709 663 3762 De
683 3727 699 3758 ν
717 3715 746 3762 et
763 3727 777 3766 r
795 3709 927 3765 adductis
946 3709 1042 3763 literis.

425 3795 458 3826 '*
477 3793 659 3859 Beruemaun,
680 3797 768 3850 Conv.
788 3813 818 3864 p.
830 3799 889 3850 234.
