4678 5748
493 1347 908 1462 Observationum
941 1345 995 1457 in
1032 1345 1301 1458 dialectum
1336 1345 1753 1484 Xenophonteam

864 1551 1118 1656 specimen
1155 1552 1377 1657 primum

1065 1725 1178 1796 scripsit

997 1863 1032 1944 F.
1061 1859 1246 1951 Riemann.

356 2054 684 2178 Commentationem,
716 2116 780 2178 quo
808 2096 877 2162 iure
902 2095 936 2160 in
959 2094 1085 2179 scriptis
1107 2092 1330 2178 Xenophontis
1352 2094 1510 2160 recentior
1530 2093 1638 2160 Attica
1660 2095 1819 2161 dialectos
1840 2095 1974 2181 reperiri

270 2202 405 2280 dicatur,
437 2221 533 2284 quam
557 2201 674 2265 abhinc
703 2218 805 2263 annos
829 2219 886 2264 sex
908 2197 951 2262 ad
974 2197 1158 2263 facultatem
1182 2197 1316 2262 docendi
1342 2197 1577 2282 impetrandam
1600 2197 1731 2283 scripsi,
1764 2198 1850 2284 typis
1872 2219 1974 2282 usque

270 2305 420 2370 adhunc
443 2303 527 2369 diem
550 2301 794 2367 exscribendam
817 2322 881 2366 uon
903 2301 1023 2366 curavi.
1070 2299 1223 2365 Libenter
1252 2299 1350 2384 igitur
1372 2301 1556 2382 occasione,
1590 2321 1673 2384 quae
1701 2321 1787 2367 nunc
1816 2303 1895 2367 mihi
1917 2304 1975 2368 ob-

271 2407 338 2474 lata
361 2414 419 2487 est,
447 2413 519 2472 utor
539 2406 583 2470 ad
606 2424 676 2470 eam
700 2404 910 2488 prodendam.

356 2511 455 2577 Cuius
485 2508 760 2576 commentationis
788 2514 1012 2592 argumentum
1041 2506 1137 2572 divisi
1159 2507 1192 2571 in
1221 2513 1329 2591 partes
1352 2513 1436 2586 tres,
1473 2526 1608 2588 quarum
1637 2507 1742 2591 prima
1770 2515 1844 2593 post
1873 2517 1973 2574 artam

268 2613 500 2679 institutionem
523 2619 713 2695 apparatum
736 2611 904 2676 verborum
927 2611 1015 2695 apud
1029 2619 1155 2676 veteres
1171 2609 1295 2674 Atticae
1318 2608 1449 2674 dialecti
1464 2609 1635 2694 scriptores
1657 2609 1737 2674 mihi
1752 2611 1975 2678 obvenientem

269 2737 341 2782 eum
364 2715 598 2799 Xenophonteo
621 2713 758 2796 contuli,
792 2714 895 2779 altera
917 2714 1167 2798 discrepantiam
1195 2713 1323 2778 illorum
1346 2721 1442 2795 atque
1464 2712 1700 2796 Xenophontis,
1732 2734 1815 2795 quae
1838 2716 1977 2798 pertinet

271 2818 314 2884 ad
336 2817 489 2883 flexiones
513 2817 675 2882 nominum
692 2824 789 2900 atque
805 2817 983 2897 verborum,
1006 2816 1161 2896 recensui,
1187 2815 1282 2882 tertia
1304 2814 1442 2897 denique
1465 2814 1506 2880 de
1528 2815 1761 2880 constructione
1784 2816 1971 2900 dictionum,

256 2929 367 3005 'quam
391 2921 507 2988 Graeci
532 2917 692 2998 σύνταξιν
713 2926 838 3002 vocant,
864 2926 897 2985 et
919 2921 960 2986 de
983 2919 1195 3004 componendi
1215 2920 1339 3000 ratione
1361 2923 1458 3002 atque
1481 2925 1549 2983 arte
1572 2917 1805 3004 Xenephontea
1827 2921 1974 2986 tractavi.

357 3077 423 3144 Sub
447 3077 567 3144 exitum
589 3075 671 3142 belli
691 3075 958 3159 Peloponnesiaci
985 3075 1236 3158 demagogorum
1258 3072 1472 3150 orationibus,
1506 3079 1620 3156 postea
1648 3072 1827 3158 principum
1849 3075 1975 3142 illorum

269 3187 428 3246 oratorum
456 3178 563 3245 studio
592 3179 976 3262 rhetorico-grammatico
1014 3178 1110 3261 plane
1137 3196 1256 3242 novum
1285 3175 1416 3242 dicendi
1443 3193 1548 3258 genus
1575 3177 1739 3243 obtrusum
1768 3183 1818 3242 est
1847 3179 1972 3259 Atticis,

269 3281 365 3364 longe
394 3281 476 3346 illud
503 3287 658 3347 remotum
682 3302 702 3344 a
725 3281 833 3364 prisca
862 3281 1020 3363 gravitate
1043 3289 1076 3346 et
1097 3281 1234 3364 abrupta
1256 3279 1443 3344 austeritate
1470 3277 1702 3360 antiquiorum,
1732 3280 1841 3362 magis
1868 3289 1977 3347 tamen

270 3391 381 3468 aptum
405 3383 448 3450 ad
470 3403 582 3448 sanam
598 3382 834 3466 simplicitatem
858 3391 890 3449 et
912 3383 1099 3448 concinnam
1116 3383 1331 3448 sinceritatem
1347 3380 1545 3465 expolitioris
1568 3380 1709 3462 linguae.
1745 3381 1848 3459 Quam
1864 3402 1976 3449 sanam

269 3493 302 3553 et
331 3487 505 3552 iucundam
536 3486 688 3552 orationis
715 3486 951 3570 simplicitatem
974 3504 1085 3550 omnes
1108 3485 1175 3550 fere
1204 3484 1405 3566 grammatici
1428 3489 1461 3549 ct
1487 3482 1541 3565 qni
1564 3482 1605 3548 dc
1635 3483 1737 3550 literis
1768 3485 1973 3570 scripserunt,

272 3590 422 3655 admirati
444 3595 529 3656 sunt.
566 3589 724 3672 Equidem
746 3608 811 3654 non
833 3590 944 3672 ignoro
967 3587 1217 3654 audacissimum
1239 3587 1377 3670 ideoque
1399 3585 1624 3652 dit'lleillimum
1647 3607 1720 3652 esse
1742 3588 1837 3654 certis
1859 3587 1976 3656 linibus

270 3697 302 3757 ct
329 3693 541 3775 antiquiorem
564 3693 706 3758 Atticam¹
733 3691 906 3757 dialectum
936 3699 1081 3758 coercere
1111 3698 1143 3758 et
1171 3692 1212 3762 ab
1242 3690 1283 3756 iis
1311 3690 1438 3756 initium
1469 3709 1584 3773 capere
1614 3691 1799 3757 recentioris
1830 3692 1972 3760 dialecti.

271 3793 365 3872 Quod
387 3796 414 3860 si
438 3794 586 3874 audebis,
611 3795 778 3878 aptissime
793 3794 937 3860 Euclidis
958 3801 1110 3879 praetura
1130 3795 1190 3860 has
1206 3793 1287 3860 duas
1310 3793 1465 3864 dialectos
1488 3811 1646 3873 seoernes,
1673 3813 1735 3876 quo
1753 3814 1837 3860 anno
1859 3816 1974 3862 novum

268 3897 477 3982 alphabetum
504 3898 545 3963 ab
568 3897 819 3964 Atheniensibus
842 3898 989 3965 adhiberi
1011 3905 1157 3982 coeptum
1180 3905 1240 3962 est.
1286 3896 1553 3981 Xenophontem,
1583 3895 1624 3961 de
1647 3896 1739 3962 cuius
1761 3897 1900 3964 dialecto
1923 3897 1977 3963 hic

269 4000 488 4082 explicaturus
511 4019 592 4079 sum,
619 4000 788 4083 aequalem
811 4001 941 4084 Lysiae,
965 4001 1128 4082 Isocratis,
1158 4000 1345 4084 pastillum
1368 4019 1486 4064 annum
1509 3998 1609 4064 libros
1632 4000 1847 4084 composuisse
1870 4001 1976 4066 mani-

269 4100 387 4168 festum
410 4109 469 4168 est.
512 4102 581 4166 Iam
605 4123 642 4168 eo
666 4103 831 4187 probabile
854 4103 968 4170 estad
990 4105 1198 4170 recentiorem
1222 4103 1394 4170 dialectum
1417 4121 1490 4168 eum
1516 4102 1705 4169 accessisse.
1743 4103 1815 4168 Huc
1836 4102 1971 4186 accedit,

268 4204 354 4288 quod
380 4205 532 4270 orationis
553 4204 805 4290 Xenophontcac
832 4206 1051 4273 inaffectatum
1080 4207 1311 4273 iucunditatem
1337 4214 1435 4290 atque
1457 4203 1584 4272 dulcem
1607 4205 1860 4290 simplicitatem,
1894 4226 1976 4290 quas

268 4307 441 4390 antiquiori
462 4308 587 4375 Atticae
609 4308 747 4374 dialecto
769 4309 824 4374 vix
847 4310 978 4394 tribuas,
1004 4329 1115 4376 omnes
1138 4310 1204 4376 iere
1227 4310 1399 4394 scriptores
1421 4307 1566 4375 laudant.
1696 4349 1699 4358 ι

355 4411 402 4476 Ac
426 4411 537 4477 Cicero
559 4411 690 4494 quidem
714 4411 755 4477 de
778 4431 824 4478 or.
841 4413 874 4477 II
895 4417 934 4478 14
957 4414 999 4480 de
1021 4433 1060 4479 ec
1082 4413 1175 4479 dicit:
1201 4412 1392 4496 Xenophon,
1419 4410 1601 4478 Socraticus
1621 4413 1688 4492 ille,
1715 4411 1844 4497 scripsit
1865 4414 1975 4480 Histo-

268 4514 348 4580 riam
378 4513 499 4580 levicre
528 4513 667 4597 quodam
696 4533 775 4580 sono
805 4533 884 4582 usus
914 4517 1029 4600 etqui
1058 4515 1150 4582 illum
1178 4516 1333 4601 impetum
1363 4513 1517 4580 orationis
1538 4534 1603 4580 non
1632 4515 1767 4596 habeat,
1801 4515 1975 4584 vehemens

268 4616 403 4684 tortasse
427 4615 550 4699 minus,
584 4617 643 4683 scd
664 4618 829 4702 aliquanto
851 4626 976 4698 tamem
1010 4624 1045 4686 ut
1066 4619 1146 4684 mihi
1167 4619 1297 4703 quidem
1326 4617 1463 4699 ridetur,
1497 4617 1630 4683 dulcior.
1677 4615 1768 4682 Idem
1795 4619 1875 4684 alibi
1898 4639 1975 4688 voce

269 4716 338 4783 eius
360 4719 470 4786 Musas
492 4720 587 4803 quasi
608 4721 730 4788 locums
753 4739 827 4788 esse
849 4721 965 4805 prodit.
1948 4769 1950 4772 -

354 4820 449 4887 Dion.
474 4823 580 4890 Halic.
605 4822 648 4888 ad
670 4825 727 4891 On.
754 4824 867 4910 Pomp.
892 4824 952 4890 hoe
975 4823 1015 4889 de
1038 4823 1107 4890 eius
1129 4824 1308 4890 elocutione
1330 4823 1483 4895 iudicium
1506 4823 1583 4890 lert:
1623 4817 1640 4888 ὁ
1666 4823 1702 4890 δὲ
1725 4822 1875 4900 λεκτικὸς
1897 4822 1976 4912 τρό-

1754 5049 1765 5099 1
