4678 5748
1125 383 1143 442 5

285 566 422 652 Sanppli
451 568 591 654 lexilogo
617 567 707 635 facili
735 568 864 653 negotio
890 568 965 654 plus
991 587 1086 652 qnam
1108 575 1252 636 trecenta
1279 567 1437 634 eiusmodi
1467 569 1626 636 vocabula
1654 565 1825 653 congerere
1855 567 1991 652 possis*

285 673 345 738 Vel
368 671 554 739 Homericae
576 672 753 738 locutiones
775 681 808 738 et
830 671 960 738 dicendi
981 670 1116 737 formam
1138 678 1234 756 atque
1265 690 1415 738 numeros
1436 672 1589 739 imitatur.
1637 672 1691 738 Sic
1713 673 1845 758 τάφρος
1868 665 2005 758 ὀρυκτήΔ

285 774 390 840 Anah.
416 775 486 859 17,
516 781 554 840 14
577 777 705 859 legitur,
741 779 864 861 πέτραι
885 769 1041 863 ἠλίβατοι
1061 773 1167 840 Anah.
1192 775 1261 856 14,
1289 781 1319 839 4.
1368 775 1448 844 Cum
1469 776 1577 843 verbis
1600 775 1719 860 Cyrop.
1745 776 1761 840 Ι
1784 780 1815 858 4,
1842 779 1882 839 24
1911 798 1991 858 μοι·

284 875 430 961 νόμενον
451 885 490 964 τῇ
512 877 618 964 τόλμῃ
642 879 825 964 Stephanus
848 886 1013 965 comparat
1035 879 1140 945 locum
1162 877 1224 945 Od.
1248 879 1297 943 IX
1321 880 1400 959 3503
1427 879 1484 945 cfr.
1510 879 1549 944 ll.
1574 879 1603 944 V
1628 880 1707 958 1853
1733 879 1812 944 Vlll
1835 879 1947 945 355.Μ

371 983 454 1048 'Iam
484 983 581 1050 etiam
610 983 739 1049 dialecti
760 981 889 1049 lonicae
911 984 1012 1049 multa
1034 983 1121 1068 apud
1143 981 1389 1068 Xenophontem
1420 989 1495 1048 sunt
1521 983 1681 1066 exempla.
1729 983 1835 1067 Saepe
1857 983 1906 1062 fit,
1942 989 1987 1066 ut,

285 1103 368 1169 quae
390 1107 431 1153 ex
454 1093 619 1171 poetarum
641 1107 702 1152 usu
725 1086 906 1171 Xenophon
928 1086 1049 1172 recepit
1070 1085 1242 1167 vocabula,
1268 1086 1398 1152 Ionibus
1421 1105 1546 1170 quoque
1568 1085 1633 1152 sint
1654 1085 1783 1153 usitata.
1826 1085 1987 1170 Referam,

285 1209 367 1272 qnae
389 1189 547 1255 vocabula
576 1196 609 1255 et
635 1191 744 1256 Ionica
774 1197 806 1256 et
833 1190 961 1276 poetica
987 1209 1028 1254 ex
1050 1189 1196 1256 Anahasi
1223 1190 1259 1254 in
1285 1189 1392 1255 indice
1420 1189 1534 1255 Latino
1563 1189 1800 1256 coacervaverit
1827 1189 1987 1256 (iuehner.

286 1285 410 1378 άμορά,
444 1289 615 1379 αἰγιαλός,
649 1293 775 1376 αἴθειν,
811 1288 970 1381 ἄκληρος,
1006 1286 1197 1376 ἆναχάζειν,
1230 1287 1505 1378 άπαμιίβεσθαι,
1544 1287 1735 1378 ἀπερύκειν,
1774 1285 1986 1372 άπανοστείν,

284 1391 423 1480 βλάβος,
457 1396 657 1484 διαμπερές,
685 1397 830 1482 διάὲναι,
858 1394 1065 1484 δορπηστός,
1092 1396 1243 1479 coenata,
1271 1393 1507 1478 ἐξαλαπάξειν,
1541 1392 1681 1482 ἐρύκειν,
1711 1391 1887 1483 ἠλίβατος,
1921 1399 1991 1459 θα-

283 1497 376 1583 μινά,
410 1497 529 1583 λάχος,
558 1502 684 1584 μολεῖν,
720 1495 927 1587 ὅλαίτροχος,
961 1499 1124 1580 πολίζειν,
1153 1505 1329 1584 σίνεσθαι,
1363 1501 1522 1586 vacuam
1565 1499 1635 1566 Nec
1656 1499 1789 1565 dubium
1816 1519 1888 1565 esse
1911 1498 1991 1563 mihi

283 1603 411 1687 quidem
440 1604 577 1686 videtur,
611 1625 651 1672 ex
672 1606 784 1670 Ionum
815 1623 960 1671 sermone
989 1604 1066 1687 quin
1089 1605 1271 1690 Xenophon
1298 1605 1429 1670 nomIna
1456 1603 1491 1669 in
1520 1607 1583 1690 τήρ
1605 1603 1757 1670 exeuntia
1786 1601 1992 1669 admiscuerit

284 1706 423 1773 sermoni
447 1726 516 1773 suo.
555 1708 694 1774 Fallitur
714 1708 896 1774 Heilandns
917 1729 951 1793 p.
970 1709 999 1788 6,
1026 1708 1081 1792 qui
1103 1714 1196 1792 putat
1218 1727 1275 1774 eas
1291 1707 1414 1774 Atticas
1436 1707 1556 1772 formas
1578 1725 1662 1788 esse,
1688 1706 1811 1772 fallitur
1832 1704 1987 1786 Sturzius,

283 1809 340 1892 qui
368 1830 388 1875 a
417 1810 599 1876 Laconibus
627 1831 684 1876 eas
715 1811 833 1878 formas
862 1811 980 1896 petitas
1010 1829 1083 1878 esse
1113 1811 1246 1877 iudicat.
1295 1811 1398 1878 Valde
1427 1811 1558 1895 insuper
1587 1810 1638 1875 his
1665 1811 1847 1876 nominibus
1879 1807 1991 1875 Xeno-

283 1911 436 1996 phontem
462 1913 618 1981 delectari
648 1915 759 1980 multis
781 1915 939 2001 exemplis
962 1895 1070 1981 ddcuit
1091 1915 1263 1980 Piersonus
1284 1914 1329 1980 ad
1350 1913 1484 1980 hloerid.
1510 1935 1541 2000 p.
1571 1917 1642 1978 116.
1689 1915 1738 1978 Ex
1761 1913 1877 1998 Cyrop.
1904 1912 1991 1978 eius·

284 2016 370 2082 modi
391 2017 521 2084 nomina
543 2017 637 2084 affert
660 2019 799 2085 Cobetus
823 2020 865 2083 N.
891 2019 927 2082 L.
953 2039 986 2104 p.
1014 2021 1075 2084 388
1102 2014 1254 2104 μνωστήρ
1277 2017 1321 2083 Vl
1344 2021 1374 2098 λ,
1402 2020 1460 2093 39;
1493 2012 1675 2104 ἐπιτακτήρ
1698 2016 1731 2081 II
1754 2020 1783 2092 3,
1811 2021 1848 2094 4;
1880 2009 1989 2102 ὀπτήρ

283 2119 328 2184 IV
351 2125 381 2201 5,
410 2124 465 2200 173
493 2115 649 2208 φραστὴρ
671 2121 750 2188 ibid.
776 2121 945 2189 etiterum
967 2123 996 2188 V
1019 2127 1049 2204 4,
1069 2125 1127 2199 403
1154 2118 1372 2207 θεραπευσήρ
1396 2121 1456 2187 VH
1478 2126 1508 2202 5,
1537 2124 1594 2198 653
1620 2113 1812 2206 άποόεκτήρ
1835 2125 1867 2184 et
1890 2115 1991 2205 άσσήρ

283 2223 361 2288 VIII
386 2228 414 2304 1,
441 2227 478 2304 9;
510 2231 679 2309 praetcrea
700 2225 904 2292 Homericum
926 2222 1076 2312 μνηστήρ
1100 2225 1177 2292 VIII
1200 2228 1230 2308 4,
1259 2228 1310 2288 15.

360 2326 532 2412 Superest,
560 2335 595 2393 ut
617 2328 736 2394 Dorica
757 2329 914 2394 vocabula
936 2347 1188 2410 commemorem,
1223 2348 1356 2413 quorum
1378 2327 1539 2413 permulta
1560 2327 1650 2412 apud
1672 2327 1918 2412 Xenophontem
1940 2324 1991 2392 in-

282 2429 463 2496 veniuntur.
507 2431 651 2514 Longum
675 2437 724 2497 est
746 2451 785 2498 ea
809 2451 1007 2508 enumerare,
1033 2431 1200 2517 inspicias,
1227 2451 1309 2515 quae
1331 2431 1372 2498 de
1393 2430 1434 2497 iis
1456 2430 1635 2498 Heilandus
1658 2431 1681 2496 l.
1707 2449 1734 2496 c.
1762 2429 1944 2514 explicavit.

368 2531 460 2610 Quae
493 2535 589 2617 longe
622 2535 732 2600 aliena
765 2543 839 2602 sunt
870 2556 891 2600 a
920 2536 1060 2620 puritate
1093 2535 1224 2602 dialecti
1250 2535 1388 2602 Atticae.
1436 2534 1503 2600 Sed
1535 2555 1599 2601 non
1632 2534 1819 2602 mirabimur
1851 2532 1986 2617 epicam,

281 2635 441 2718 Doricam,
473 2637 614 2703 Ionicam
645 2637 820 2704 dialectum
841 2645 965 2704 tantum
988 2637 1130 2704 valuisse
1160 2633 1203 2704 ad
1233 2638 1486 2705 constituendam
1514 2637 1686 2704 dictionem
1709 2636 1986 2721 Xenophonteam,

282 2739 518 2826 cumprimum
548 2740 678 2824 quidem
708 2742 960 2820 meminerimus,
1000 2743 1059 2808 illa
1085 2747 1191 2808 aetate
1219 2742 1332 2827 poesin
1359 2741 1402 2808 ad
1431 2732 1597 2826 fastigium
1626 2740 1812 2826 pervenisse
1843 2745 1875 2806 et
1902 2739 1991 2823 apud

282 2861 393 2908 omnes
415 2842 557 2909 Graecos
578 2845 805 2928 pervulgatam
827 2865 951 2911 summo
973 2846 1007 2910 in
1029 2845 1149 2912 honore
1171 2845 1285 2911 fuisse.
1332 2846 1404 2912 Huc
1426 2846 1562 2930 accedit,
1592 2845 1677 2928 quod
1698 2844 1732 2910 in
1755 2843 1872 2909 Dorica
1894 2841 1990 2909 simul

282 2953 377 3028 atque
407 2947 443 3011 in
472 2947 580 3013 Ionica
608 2948 721 3032 lingua
751 2949 852 3015 multa
881 2955 956 3015 sunt
986 2949 1119 3028 usitata,
1154 2970 1237 3031 quae
1261 2949 1360 3015 Attici
1388 2950 1492 3035 poetis
1520 2956 1644 3016 tantum
1673 2946 1860 3014 concedunt.
1907 2948 1990 3012 Tum

281 3068 375 3130 vero,
409 3049 494 3131 quod
522 3051 566 3115 ad
587 3051 716 3118 Ionicae
739 3059 836 3136 atque
858 3053 997 3119 Doricae
1019 3052 1151 3120 dialecti
1177 3052 1317 3136 vestigia
1338 3053 1460 3133 attinet,
1489 3051 1560 3135 jam
1583 3051 1770 3132 Helladius,
1803 3049 1888 3116 unde
1911 3049 1991 3116 mira

281 3150 340 3214 illa
362 3150 584 3237 Xenophontis
614 3161 647 3220 et
673 3155 859 3222 intermixta
881 3157 1000 3222 Ionicis
1024 3155 1250 3241 complusculis
1277 3161 1309 3221 et
1331 3155 1457 3222 Doricis
1488 3154 1737 3241 proprietatibus
1759 3152 1888 3219 dicendi
1910 3152 1991 3219 ratio

284 3258 353 3317 orta
375 3259 476 3335 esset,
510 3255 672 3338 explicare
702 3257 764 3322 sihi
793 3260 967 3343 proposuit.
1012 3260 1094 3326 Vide
1117 3259 1187 3326 eius
1209 3261 1310 3326 verba
1334 3279 1387 3343 ap.
1413 3257 1504 3324 Phot.
1530 3258 1600 3324 cod.
1627 3261 1688 3323 279
1716 3279 1748 3342 p.
1775 3260 1836 3322 533
1860 3256 1984 3322 Bekk.:

285 3349 385 3423 οὐδὲν
406 3352 612 3440 θαυμαστὸν
641 3355 674 3422 ai'
699 3381 775 3426 τινα
805 3358 1022 3448 παρακόπτει
1051 3369 1110 3450 τῆς
1138 3367 1286 3450 πατρίου
1309 3367 1425 3449 φωνῆς
1453 3354 1481 3444 (ὁ
1507 3359 1681 3449 Ξενοφῶν)
1708 3355 1791 3447 ἀνὴρ
1823 3359 1859 3425 ἐν
1888 3380 1990 3442 στρα-

282 3464 388 3536 τείαις
418 3457 594 3542 σχολάζων
623 3461 679 3525 καλ
709 3461 816 3540 ξένων
839 3469 1044 3543 συνουσίαις.
1090 3467 1205 3551 Neque
1233 3466 1332 3550 igitur
1357 3465 1504 3531 mirabile
1528 3473 1578 3531 est
1607 3485 1680 3532 eum
1710 3464 1842 3548 linguae
1863 3462 1990 3530 Atticae

283 3565 452 3646 puritatem
474 3564 509 3630 in
533 3562 660 3630 delectu
683 3565 852 3633 verborum
874 3588 937 3635 non
960 3570 1039 3636 satIs
1062 3589 1227 3666 servasse,
1262 3568 1317 3652 qui
1348 3569 1485 3652 primum
1514 3569 1625 3653 procul
1648 3570 1688 3633 ab
1711 3567 1789 3633 urbe
1820 3567 1990 3634 militatum

282 3665 415 3746 abierat,
445 3672 513 3731 tum
536 3668 614 3733 urbe
638 3667 760 3735 eiectus
782 3677 846 3736 mm
872 3671 927 3738 diu
948 3675 1053 3758 patria
1075 3681 1107 3740 et
1129 3673 1245 3740 civium
1269 3671 1469 3738 sermonibus
1493 3672 1634 3754 carebat,
1660 3671 1776 3736 mirum
1798 3671 1905 3756 potius
1928 3677 1988 3754 est,

282 3768 368 3851 quod
390 3769 526 3853 paulam
550 3770 722 3838 dialectum
745 3779 812 3839 tam
834 3775 889 3859 pio
911 3776 1018 3842 animo
1042 3783 1074 3842 et
1094 3777 1140 3842 ita
1162 3775 1355 3858 servaverit,
1388 3781 1438 3856 ut,
1472 3775 1528 3858 qni
1551 3775 1593 3841 de
1614 3795 1652 3840 eo
1675 3775 1885 3858 scripserunt,
1917 3793 1990 3839 ora-

279 3872 399 3938 tionem
438 3872 618 3959 simplicem
652 3879 685 3941 et
718 3875 912 3958 dilucidam,
950 3880 1060 3945 nativa
1092 3879 1252 3944 suavitate
1285 3886 1317 3944 et
1347 3885 1516 3945 venustate
1550 3877 1818 3962 commendatam,
1856 3877 1900 3943 ad
1932 3875 1990 3942 de-

180 4027 182 4034 ,
282 3975 418 4040 centiam
452 3977 678 4076 compositam,
716 3979 864 4045 omnihus
892 3981 1031 4064 denique
1060 3981 1157 4048 Attici
1183 3981 1340 4047 sermonis
1368 3981 1532 4065 leporibus
1568 3987 1601 4048 et
1627 3983 1799 4049 veneribus
1829 3979 1988 4047 conditam

282 4077 540 4161 praedicarent.†

369 4180 459 4258 Quae
482 4181 509 4248 si
533 4184 721 4268 excipimus,
747 4186 931 4251 universum
946 4185 1171 4271 Xenophontis
1194 4189 1361 4256 verborum
1388 4194 1576 4273 apparatum
1599 4189 1642 4254 ab
1656 4187 1822 4254 Atticismo
1844 4207 1907 4253 non
1929 4188 1990 4254 ah-

280 4283 410 4351 horrere
431 4285 668 4371 intellegemus.
708 4289 778 4354 Iam
801 4296 909 4354 autem
931 4287 1071 4356 vidimus
1095 4311 1168 4356 eum
1190 4291 1258 4358 fere
1280 4311 1409 4377 semper
1429 4291 1470 4356 ab
1494 4291 1554 4372 eis,
1579 4311 1662 4376 quae
1684 4290 1872 4373 antiquioris
1892 4291 1989 4359 Attici
2030 4282 2038 4311 ³

368 4579 384 4614 e
402 4578 514 4648 Sauppe
533 4580 604 4636 Xon.
625 4581 680 4636 vol.
701 4582 726 4636 V
746 4599 773 4652 p.
789 4584 839 4635 29⁰
863 4598 894 4639 se
912 4597 948 4638 ex
966 4583 1094 4654 Xenopb.
1117 4585 1166 4640 316
1189 4583 1326 4642 vocabula
1347 4585 1507 4653 po'etarum,
1532 4586 1565 4636 99
1583 4581 1710 4648 Ionicae,
1737 4587 1769 4638 83
1789 4584 1908 4640 Doricae
1927 4583 1987 4640 dia·

282 4661 348 4718 lecti
366 4665 479 4734 propria
497 4671 674 4737 computasse
693 4669 770 4724 dicit.

350 4747 383 4779 '¹'
400 4745 466 4805 Alia
484 4753 621 4807 eiusmodi
640 4755 705 4808 vide
724 4753 799 4824 apud
819 4753 947 4809 Heiland.
986 4753 1184 4820 Quaestionum
1204 4757 1239 4812 de
1258 4757 1379 4813 dialecto
1397 4756 1526 4826 Xenopb.
1546 4769 1625 4825 capp.
1646 4753 1707 4810 cell.

334 4833 384 4867 ”l
403 4833 444 4888 Oi.
467 4836 626 4907 Popponem
646 4841 681 4895 ad
700 4839 801 4910 Cyrop.
823 4839 959 4895 XXXIX.

367 4920 502 4984 educere
521 4923 557 4978 de
575 4939 615 4979 or.
635 4923 664 4980 11
685 4925 725 4986 ll,
745 4929 787 4980 58.
826 4928 906 4982 Brut.
927 4925 1008 4980 XXX
1028 4929 1085 4982 132.
1123 4927 1207 4984 Dion.
1228 4927 1317 4984 Hallc.
1338 4927 1379 4984 VI
1396 4945 1423 4998 p.
1446 4927 1495 4978 778
1514 4926 1549 4980 R.

2107 2673 2163 2920 ί
