4678 5748
1200 396 1219 462 t

362 587 418 655 καὶ
441 584 553 678 σαφὴς
576 583 736 676 καθάπερ
761 583 897 666 ἐκεῖνος.
938 585 1063 674 ἐκλέγει
1086 587 1122 654 δὲ
1146 585 1296 672 ὀνόματα
1320 583 1452 677 συνήθη
1472 582 1511 655 ιτε
1530 587 1586 655 καὶ
1608 594 1770 679 προσφυῆ
1795 601 1866 668 τοῖς
1889 583 2065 677 πράγμασι

361 695 418 758 καὶ
441 697 642 781 συντίθησιν
665 687 751 760 αὐτὰ
773 687 878 780 ἡδέως
901 693 994 758 πάνυ
1016 693 1072 758 καὶ
1095 699 1354 779 κεχαρισμένως,
1381 687 1441 776 οὐχ
1465 685 1565 781 ἧττον
1583 688 1783 781 Ἡροδότου.

448 797 557 876 Quint.
589 797 619 862 J.
646 795 684 862 0.
711 798 741 861 X
770 818 801 880 p.
829 799 891 860 223
919 796 994 862 edit.
1028 797 1099 880 Bip.
1132 797 1166 860 in
1194 797 1278 862 hunc
1307 797 1374 863 fere
1404 799 1534 863 modum
1564 799 1604 864 de
1633 818 1671 864 eo
1702 798 1854 881 loquitur:
1895 797 1974 880 quid
2004 817 2064 881 ego

360 921 602 968 commemorem
629 900 852 985 Xenophontis
881 899 1111 964 iucunditatem
1140 900 1229 965 illam
1252 899 1484 981 inaffectatam,
1518 899 1576 965 sed
1599 921 1695 982 quam
1717 901 1808 966 nulla
1835 900 1938 985 possit
1965 901 2066 967 affec-

363 1005 440 1070 tatio
464 1004 629 1088 consequi,
666 1011 700 1070 ut
721 1005 812 1089 ipsae
835 1003 966 1067 finxisse
995 1022 1174 1068 sermonem
1197 1001 1327 1068 Gratiae
1356 1001 1526 1068 videantur
1555 1011 1587 1068 et
1617 1004 1652 1068 in·
1677 1003 1762 1068 huno
1790 1003 1958 1069 transferri
1984 1003 2067 1069 illud

361 1108 536 1173 iustissime
567 1107 667 1191 possit
695 1107 729 1172 in
757 1107 856 1172 labris
884 1105 954 1171 eius
984 1104 1108 1171 sedisse
1136 1105 1299 1188 quandam
1328 1104 1544 1189 persuadendi
1573 1105 1679 1170 deam.
1726 1105 1831 1172 Etiam
1861 1105 1940 1171 alibi
1970 1104 2067 1171 simili

362 1211 456 1277 modo
479 1211 519 1276 de
542 1211 612 1275 eius
634 1210 812 1275 elocutione
833 1210 966 1274 iudicat.

448 1314 543 1396 Diog.
570 1313 676 1378 Laert.
701 1335 732 1399 p.
760 1317 798 1376 19
821 1313 935 1378 habet:
963 1310 1113 1376 ἐκαλεῖτο
1136 1311 1172 1377 δὲ
1195 1311 1252 1376 καλ
1267 1305 1397 1398 Ἀττικὴ
1420 1318 1532 1393 μοῦσα
1555 1308 1732 1398 γλυκύτητι
1754 1319 1812 1399 τῆς
1835 1309 2012 1398 ἑρμηνείας
2034 1320 2067 1377 et

363 1416 481 1482 Suidas
504 1436 528 1481 u.
556 1438 586 1480 v.
614 1418 796 1502 Eecoqrrbu:
835 1409 937 1490 αὐτὸς
960 1413 996 1480 δὲ
1018 1409 1149 1501 Ἀττικὴ
1171 1416 1309 1497 μέλιττα
1340 1411 1591 1496 ἐπωνομάζετο.
1639 1415 1787 1498 Denique
1808 1417 1841 1480 in
1864 1417 2066 1499 Hermogene

364 1521 444 1606 περὶ
466 1527 524 1606 τῆς
546 1527 606 1584 τοῦ
629 1521 669 1588 Ξ.
696 1519 788 1594 ἰδέας
811 1525 875 1585 est:
904 1515 1059 1604 καθαρὸς
1082 1518 1118 1582 δὲ
1141 1519 1197 1581 καὶ
1220 1512 1382 1606 εὐκρινὴς,
1418 1517 1515 1604 circeo
1539 1542 1589 1594 τις
1612 1515 1734 1604 ἕτερος,
1762 1511 1779 1582 ὃ
1804 1519 1978 1605 Ξενοφῶν.

449 1624 532 1701 Quin
556 1623 652 1688 etiam
682 1643 752 1688 cum
781 1623 934 1708 pleraque
956 1621 1089 1686 nomina
1109 1621 1239 1706 propria
1260 1622 1349 1706 apud
1371 1621 1512 1687 Graecos
1542 1628 1661 1687 certam
1685 1629 1717 1686 et
1739 1621 1942 1687 manifestam
1966 1623 2068 1706 signi-

363 1728 540 1792 ficationem
565 1726 731 1802 habereut,
765 1746 827 1791 nou
851 1725 992 1806 defuere,
1026 1723 1083 1805 qui
1105 1723 1327 1790 existimarent
1348 1745 1411 1791 nou
1434 1725 1553 1790 frustra
1574 1731 1606 1789 et
1629 1745 1711 1790 vano
1733 1725 1839 1790 omine
1861 1726 2067 1810 Xenophonti

261 1903 263 1906 ,
363 1850 478 1895 nomen
507 1829 644 1894 inditum
675 1847 758 1894 esse.
806 1829 931 1894 Nomen
961 1827 1045 1892 enim
1075 1826 1300 1912 Xenophontis
1329 1829 1511 1912 siguificare
1540 1848 1629 1910 eum,
1665 1828 1720 1911 qui
1749 1849 1832 1893 nova
1865 1829 2006 1912 quadam
2036 1836 2068 1894 et

363 1931 521 2016 singulari
543 1931 672 1997 dicendi
703 1931 856 1998 facultate
887 1931 1054 2017 praeditus
1084 1937 1186 2009 esset;
1223 1932 1368 2015 componi
1389 1953 1411 1997 a
1433 1932 1530 2011 ξένον
1551 1932 1575 1995 i.
1600 1952 1629 1998 e.
1655 1950 1791 2012 norum,
1823 1932 2004 2014 singulare,
2037 1938 2070 1996 et

363 2037 461 2122 φὰω,
495 2055 638 2119 proquo
662 2038 751 2121 φημι
778 2035 877 2100 Attici
903 2039 1104 2119 usurparent.
1151 2033 1220 2098 Hoc
1248 2054 1323 2100 vero
1350 2056 1466 2101 nornen
1489 2035 1519 2100 ei
1549 2035 1684 2101 inditum
1708 2055 1781 2101 esse
1804 2035 1843 2100 ob
1872 2035 2069 2116 singularem

363 2137 519 2205 sermonis
546 2137 735 2204 suavitatem
758 2145 791 2204 et
813 2137 1030 2203 inaffectatum
1060 2135 1302 2202 iucunditatem.
1350 2137 1416 2204 Sed
1437 2137 1495 2203 alii
1518 2138 1612 2204 aliter
1634 2138 1674 2202 de
1697 2137 1919 2222 Xenophontis
1942 2137 2069 2203 nomine

363 2247 542 2306 senserunt.
1422 2299 1423 2302 ,

449 2345 651 2410 Intellexeris
677 2353 786 2410 tamen
816 2363 927 2410 omnes
957 2350 1085 2410 veteres
1111 2342 1285 2427 scriptores
1313 2341 1346 2408 in
1372 2343 1469 2409 laude
1501 2343 1690 2410 elocutionis
1713 2343 1966 2427 Xenophonteae
1995 2365 2070 2411 oon·

364 2447 482 2512 sentire
505 2455 601 2531 atque
624 2448 669 2513 ita
691 2446 731 2513 de
755 2468 793 2513 eo
815 2448 977 2528 iudicare,
1011 2454 1046 2512 ut
1067 2445 1122 2511 vix
1143 2446 1178 2510 in
1199 2445 1428 2512 dubitationem
1452 2447 1560 2511 vocari
1589 2447 1708 2531 possit,
1741 2447 1817 2529 quin
1840 2448 2070 2514 recentioribus

365 2550 573 2635 scriptoribus
596 2551 710 2616 Atticis
734 2549 993 2617 adnumerandus
1016 2550 1067 2632 sit,
1093 2569 1209 2631 neque,
1239 2571 1301 2634 quo
1324 2569 1401 2617 usus
1423 2557 1472 2616 est
1495 2549 1625 2616 dicendi
1647 2570 1774 2634 genere,
1802 2571 1875 2616 curn
1897 2552 2071 2637 asperitate

324 2734 327 2740 Ι
365 2659 397 2719 et
419 2653 606 2719 austeritate
629 2652 759 2719 dialecti
782 2653 971 2737 antiquioris
994 2652 1253 2738 comparandum.

452 2757 561 2840 Longe
585 2756 679 2823 aliter
701 2758 741 2823 de
766 2777 803 2822 eo
826 2757 1001 2822 sentientes
1023 2757 1124 2822 nostri
1147 2755 1220 2820 aevi
1243 2756 1393 2840 permulti
1415 2756 1474 2822 viri
1491 2755 1577 2822 docti
1599 2756 1725 2822 crimini
1739 2757 1771 2822 ei
1792 2756 1960 2840 dederunt,
1986 2758 2071 2840 quod

364 2860 476 2942 lingua
503 2860 544 2925 sit
565 2860 792 2945 impromptus,
827 2859 940 2941 durus,
976 2860 1097 2925 rudia*
1140 2859 1253 2941 Neque
1276 2861 1390 2925 mirum
1413 2859 1474 2926 hoc
1496 2867 1555 2926 est.
1603 2859 1776 2926 Sciendum
1800 2861 1883 2924 enim
1914 2881 2070 2945 persaepe

364 2962 461 3027 libros
484 2961 707 3046 Xenophontis
729 2962 856 3027 nomine
880 2969 1008 3028 ornatos
1031 2982 1118 3044 esse,
1144 2962 1200 3045 qui
1221 2961 1430 3028 abiudioandi
1451 2963 1483 3028 ei
1505 2971 1590 3044 sunt,
1619 2963 1719 3028 veluti
1741 2983 1782 3028 ex
1805 2964 1868 3044 eis,
1896 2963 1951 3044 qui
1973 2964 2070 3029 etiam

365 3085 449 3132 nunc
475 3073 601 3147 extant,
634 3065 765 3132 libellus
787 3065 844 3131 ille
866 3065 907 3131 de
930 3066 1096 3151 republica
1118 3065 1411 3131 Atheniensium.**
1456 3065 1556 3131 Cuius
1578 3065 1680 3130 libelli
1703 3066 1875 3132 auctoritas
1898 3065 1942 3132 ad
1964 3068 2073 3133 elocu-

365 3168 482 3233 tionem
499 3167 766 3252 Xenophonteam
788 3168 1027 3253 depingendam
1050 3169 1132 3233 nihil
1154 3175 1260 3252 potest
1281 3169 1408 3248 valere;
1435 3169 1575 3251 reliquos
1598 3175 1717 3250 tamen,
1743 3165 1854 3251 quiin
1877 3169 2072 3235 editionibus

366 3272 594 3337 recentioribus
621 3271 769 3352 eduntur,
801 3271 901 3338 libros
922 3271 965 3336 ad
995 3272 1261 3355 disceptationem
1283 3271 1411 3336 admisi.
1459 3273 1541 3336 Tum
1570 3278 1679 3337 notum
1702 3277 1752 3337 est
1780 3272 1845 3336 iam
1868 3293 1889 3337 a
1911 3274 2073 3338 veteribus

366 3375 590 3460 Xenophontis
619 3374 718 3440 libros
741 3374 784 3440 ad
806 3394 898 3439 usum
921 3373 1103 3440 scholarum
1135 3374 1295 3440 adhibitos
1324 3393 1415 3454 esse,
1449 3394 1512 3456 quo
1534 3375 1651 3440 factum
1676 3382 1739 3455 est,
1771 3382 1807 3441 ut
1832 3375 1947 3440 iterum
1976 3385 2072 3458 atque

342 3477 481 3542 'iterum
513 3477 649 3542 lectitati
678 3482 774 3558 atque
803 3475 957 3561 descripti
986 3477 1127 3562 pessime
1156 3478 1416 3561 depravarentur.
1462 3477 1606 3561 Denique
1638 3498 1708 3543 oum
1739 3479 1968 3561 posterioribus
1990 3485 2072 3543 tem-

367 3579 497 3664 poribus
527 3579 668 3645 studium
698 3580 823 3663 priseae
852 3579 1004 3645 orationis
1033 3581 1254 3662 revivisceret,
1289 3580 1486 3646 scenicorum
1514 3588 1611 3662 atque
1633 3580 1832 3663 Thucydidis
1863 3581 2071 3646 elocutionem

366 3683 530 3749 imitantes
567 3682 723 3748 librarioli
756 3682 943 3766 antiquioris
977 3683 1109 3766 linguae
1140 3683 1350 3767 proprietates
1383 3683 1416 3748 in
1450 3683 1694 3768 Xenophontem
1730 3684 1908 3750 intulerunt
1941 3685 2074 3768 eiusque

367 3786 542 3851 orationem
573 3793 605 3851 et
632 3786 763 3870 liuguae
792 3786 966 3851 eommunis
995 3793 1027 3852 et
1056 3787 1233 3852 Homericis
1261 3786 1371 3852 formis
1401 3787 1486 3852 male
1516 3787 1771 3868 maculaverunt,
1807 3795 1842 3852 ut
1870 3795 1979 3852 nostra
2006 3807 2075 3852 me-

367 3889 469 3954 moria
497 3888 612 3954 librum
643 3889 913 3974 Xenophonteum
944 3889 1184 3955 absurdissimis
1214 3889 1514 3973 interpolationibus
1543 3898 1639 3972 atque
1667 3891 1754 3955 vitiis
1783 3908 1846 3953 non
1873 3889 2074 3969 inquinatum

367 3993 423 4058 vix
445 3992 604 4058 invenias.
643 3993 756 4076 Itaque
780 3999 872 4058 caute
895 3992 936 4058 de
958 3992 1183 4078 Xenophontis
1206 3993 1383 4059 elocutione
1404 3992 1560 4059 iudicium
1583 3993 1665 4058 ferre
1687 3993 1773 4057 viros
1795 3990 1870 4056 illos
1893 3993 2070 4075 oportebat.

368 4097 473 4162 Prava
494 4096 592 4178 igitur
614 4100 645 4158 et
667 4095 913 4179 perversissima
940 4095 1091 4161 librorum
1114 4096 1415 4179 Xenophonteorum
1444 4087 1615 4162 traditione
1638 4095 1694 4161 diu
1722 4094 1879 4180 philologi
1908 4095 2005 4180 plane
2033 4095 2074 4159 ab

368 4199 439 4264 eius
468 4198 572 4264 studio
601 4196 854 4264 deterrebantur.
901 4197 1004 4276 Quam
1034 4198 1074 4263 ob
1104 4219 1172 4265 rem
1194 4199 1289 4266 aliter
1310 4199 1379 4264 lieri
1401 4217 1464 4264 non
1494 4199 1612 4283 potuit,
1646 4219 1740 4282 quam
1771 4205 1806 4262 ut
1833 4197 1919 4262 male
1941 4197 1982 4263 de
2006 4199 2075 4264 eius

369 4302 548 4367 elocutione
582 4299 759 4366 iudicarent
789 4301 850 4366 viri
880 4300 965 4367 docti
994 4303 1141 4385 neglecta
1169 4303 1268 4368 laude
1296 4310 1450 4368 veterum.
1509 4303 1619 4387 Nuper
1648 4300 1761 4366 Cobeti
1789 4307 1822 4364 et
1850 4299 1886 4364 L.
1918 4295 2077 4366 Dindorfii

370 4424 467 4489 opera
498 4403 638 4470 studium
661 4404 884 4490 Xenophontis
912 4405 1143 4472 exsuscitatum
1173 4413 1232 4471 est.
1280 4405 1420 4482 Quorum
1449 4412 1600 4472 accurata
1628 4412 1723 4484 atque
1753 4403 1877 4468 efficaci
1904 4403 2076 4485 diligentia

370 4508 490 4573 multae
512 4507 774 4592 interpolationes
802 4507 942 4590 recisae,
976 4510 1114 4594 plurima
1145 4509 1223 4574 vitia
1252 4508 1422 4574 emendata
1450 4515 1535 4574 sunt.
1582 4509 1650 4572 Iam
1678 4505 1778 4588 igitur
1806 4506 1930 4571 videtur
1959 4495 2076 4588 operae

370 4610 506 4695 pretium
537 4629 609 4675 esse
637 4610 816 4676 accuratius
839 4631 1013 4694 exponere,
1047 4612 1204 4696 quomodo
1231 4612 1410 4677 consentiat
1438 4612 1575 4676 elocutio
1601 4609 1836 4692 Xenophonteo
1865 4627 1936 4673 cum
1966 4625 2078 4672 reeen-

458 4852 472 4880 *
490 4851 665 4920 Bernhardy,
685 4849 964 4908 Wissensehaftliche
982 4853 1088 4922 Syntax
1108 4853 1134 4906 d.
1155 4853 1259 4922 griech.
1280 4853 1342 4923 Spr.
1373 4855 1467 4908 Berlin
1491 4853 1562 4905 1829.
1588 4867 1615 4921 p.
1637 4853 1679 4904 25.

375 4929 378 4941 '
440 4937 473 4967 *t
491 4937 577 4990 hloriz
590 4935 724 5002 Schmidt,
745 4937 877 4994 Memoire
889 4938 967 4993 eines
980 4937 1146 5006 Oligarehen
1160 4940 1189 4994 in
1202 4939 1298 4995 Athen
1318 4941 1387 4997 liber
1406 4940 1452 4994 die
1464 4937 1699 4992 Staatsmaximen
1716 4939 1767 4992 des
1780 4936 1891 4990 Demos.
1917 4936 1984 4990 lena
2000 4926 2030 4989 th
2049 4937 2074 4990 6.
