4678 5748
1207 413 1227 472 6

363 593 519 660 sermonis
541 593 719 680 pemliaria
734 603 819 678 runt,
846 597 1004 678 recedere,
1031 605 1143 666 contra
1164 597 1344 666 consentire
1367 597 1401 664 in
1423 597 1532 664 verbis
1553 598 1734 682 deligendis
1748 598 1981 681 quodammodo
1996 619 2068 664 cum

364 695 509 777 Platone,
536 697 685 778 lacerate,
713 699 744 766 ln
769 699 878 786 primis
901 721 973 766 curn
997 701 1175 768 Andocide.

450 801 597 866 Fortasse
632 801 718 869 haud
751 803 925 870 absurdum
959 805 1086 872 videtur
1117 825 1191 872 esse
1224 807 1323 872 rerba
1355 805 1514 889 quaedam
1544 825 1565 870 a
1591 804 1822 872 consuetudine
1854 806 2070 888 antiquiorum

363 904 460 988 plene
484 903 682 988 recedentia,
715 927 799 990 quae
821 909 1002 974 communia
1023 917 1130 976 tamen
1161 917 1235 976 snut
1257 909 1464 994 Xenophonti
1493 927 1564 974 curu
1588 908 1833 974 recentioribus.
1867 927 2067 976 enumerare.

363 1007 411 1072 Er
434 1029 473 1074 eo
496 1008 626 1092 quidem
650 1031 769 1094 genere
799 1013 910 1096 largus
932 1021 983 1080 cst
1012 1033 1163 1079 numerus
1186 1013 1430 1098 compositorum
1458 1012 1558 1078 veluti
1588 1005 1851 1095 ἀντιγνωμονεῑν
1879 1013 1998 1098 Cyrop.
2023 1013 2068 1078 IV

362 1111 393 1186 3,
420 1113 454 1177 S:
492 1105 683 1180 ἀνακαλεῖν
711 1113 809 1182 Cous.
834 1115 849 1182 Ι
877 1121 931 1183 lh:
963 1110 1252 1204 ἀντιπροσιγέρειν
1278 1115 1377 1182 Cous.
1402 1117 1489 1183 Vll:
1528 1109 1724 1202 ἀξιόκτητος
1753 1115 1870 1199 Cyrop.
1896 1115 1924 1180 V
1950 1119 1979 1194 2,
2010 1121 2063 1189 l0;

361 1209 572 1302 ἀξιοπριπής
598 1217 699 1284 Cous.
726 1218 802 1284 VIII
834 1225 874 1284 th
907 1219 975 1286 alia
1008 1220 1166 1287 vocabula
1204 1241 1275 1287 oum
1309 1219 1468 1286 adIeetivo
1498 1215 1592 1298 ἀξιος
1622 1218 1805 1296 coniuncta;
1850 1212 2070 1304 ἀποθαῤῥεῑν

362 1317 438 1384 (lec.
464 1318 541 1385 xvl
569 1323 604 1389 ὃς
642 1321 858 1402 emeritam
885 1323 961 1390 Oec.
987 1323 1031 1388 VI
1059 1327 1093 1388 6:
1131 1323 1347 1410 διαχωρίζειν
1376 1322 1555 1390 (tecvm
1588 1326 1641 1400 113
1680 1318 1804 1402 ἐκβοᾰν
1825 1322 1906 1388 Veu.
1932 1322 1976 1386 VI
2009 1327 2064 1396 10;

361 1417 611 1490 ἐνιανοκιῑσθιιι
641 1425 759 1511 Cyrop.
785 1427 833 1491 lli
861 1429 890 1505 3,
918 1431 976 1495 52:
1014 1421 1204 1512 εὕστρακτος
1234 1427 1339 1494 Anah.
1364 1427 1414 1492 III
1443 1431 1473 1506 3,
1500 1427 1541 1489 20
1574 1424 1640 1492 alia
1672 1425 1841 1490 eiusmodi.
1894 1427 1977 1490 Tum
2005 1425 2069 1492 hue

361 1523 499 1608 pertinet
528 1519 701 1594 ἀσβινοῦν
723 1529 840 1613 Ογτορ.
865 1529 880 1594 I
904 1535 934 1612 5,
962 1533 1000 1610 3;
1037 1525 1188 1616 rirperrlu·
1209 1530 1288 1596 ibid.
1315 1531 1360 1596 VI
1383 1533 1413 1609 3,
1443 1534 1497 1610 13;
1534 1527 1756 1614 βαρβαρίζειν
1783 1528 1870 1594 HeII.
1895 1527 1923 1592 V
1946 1531 1976 1608 3,
2004 1533 2062 1597 35;

361 1625 568 1710 δευτεραῖος,
607 1627 739 1708 ἑκταῖος
771 1633 929 1700 eiusmodi
958 1634 1154 1705 numeralia:
1193 1631 1362 1699 δύσπνοια
1385 1634 1466 1699 Veu.
1491 1633 1538 1697 IX
1563 1637 1621 1701 20:
1659 1623 1846 1713 εὖμενίζειν
1873 1631 1993 1716 Cyrop.
2020 1632 2066 1696 III

360 1733 391 1810 3,
418 1733 477 1808 22ς
509 1735 689 1814 θεοσέβιιοι
711 1735 816 1802 Anah.
843 1737 874 1802 ll
897 1739 927 1816 o,
954 1739 995 1802 26
1018 1737 1095 1804 alia.
1143 1737 1208 1804 Sed
1230 1736 1295 1803 iarn
1319 1736 1398 1802 satis
1421 1744 1482 1802 est.

446 1833 505 1900 llis
528 1837 729 1919 pertractatis
746 1840 817 1924 jam
841 1839 916 1906 licet
938 1839 1120 1924 transgredi
1142 1837 1186 1904 ad
1200 1839 1451 1925 orthographiae
1474 1839 1659 1923 discrimen,
1684 1838 1770 1922 quod
1791 1838 1962 1906 intercedit
1983 1840 2068 1906 inter

363 1941 489 2004 veteres
511 1939 682 2026 scriptores
704 1943 827 2010 Atticos
848 1949 945 2028 atque
968 1943 1226 2027 Xenophontem.
1356 1937 1366 1956 '

446 2039 550 2124 Atque
582 2048 616 2107 ut
644 2063 666 2110 a
692 2045 799 2112 verbis
827 2049 1008 2130 γίγνεσθαι
1035 2053 1068 2114 et
1094 2045 1290 2131 γιγνώσκειν
1317 2045 1487 2126 ordiamur,
1525 2065 1609 2130 quae
1640 2049 1799 2134 γίνεσθαι
1828 2054 1860 2112 et
1893 2042 2067 2130 γινώσκειν

358 2161 485 2228 quoque
509 2143 700 2229 scribuntur,
725 2147 758 2213 in
782 2148 945 2216 codicibus
967 2149 1154 2234 scriptorum
1178 2149 1253 2214 inde
1275 2149 1318 2214 ah
1340 2149 1476 2215 Homero
1499 2169 1600 2233 usque
1622 2149 1666 2215 ad
1687 2149 1865 2214 infimorum
1888 2156 2065 2233 temporum

361 2243 460 2312 libror
482 2245 566 2314 inter
588 2255 755 2336 utramque
779 2251 913 2318 formam
938 2253 1091 2320 variatur.
1138 2254 1262 2318 Tamen
1291 2251 1411 2333 formae
1441 2257 1599 2336 γίνεσθαι
1627 2259 1661 2318 et
1689 2249 1864 2337 γινώσκειν
1892 2272 1964 2317 cum
1991 2273 2066 2336 pro-

360 2347 446 2432 prias
469 2349 597 2418 lonicae
625 2352 755 2422 dialecti
784 2364 851 2422 tum
883 2363 1048 2440 poetarum
1077 2357 1178 2424 luisse
1208 2357 1368 2442 epicorum
1400 2357 1465 2422 iam
1488 2377 1526 2422 eo
1549 2363 1702 2441 apparet,
1735 2356 1821 2439 quod
1848 2357 1943 2439 longe
1971 2376 2066 2439 prac-

359 2449 469 2518 valent
495 2452 529 2519 in
553 2457 780 2526 vetustissimis
807 2459 1047 2527 Homericorum
1071 2460 1247 2526 carminum
1270 2459 1443 2526 ondloihus.
1484 2460 1525 2525 Et
1547 2459 1763 2526 testimouium
1785 2458 1873 2524 haud
1896 2460 2064 2526 obscurum

358 2551 452 2622 alferi
482 2553 688 2644 Eusialhius,
722 2563 777 2648 qui
798 2584 829 2648 p.
860 2567 957 2644 1064,
985 2567 1004 2628 2
1034 2564 1126 2631 dieii:
1169 2561 1206 2629 τὸ
1231 2561 1267 2628 ἀὲ
1297 2567 1438 2648 γίνωσκε
1461 2564 1518 2628 καὶ
1541 2557 1657 2638 ἀτελῶς
1683 2559 1721 2626 τὸ
1751 2560 1926 2647 γινώσκειν
1948 2561 2067 2644 οἱμὲν

358 2649 500 2743 ὕστερον
521 2653 665 2728 Ἀττικοὶ
687 2662 773 2748 μετὰ
795 2667 852 2734 καὶ
881 2665 1040 2754 δευτέρου
1058 2663 1184 2752 γάμμα
1207 2665 1404 2753 γιγνώσκειν
1433 2671 1550 2754 φασίν,
1586 2659 1630 2742 ὡς
1658 2667 1714 2730 καὶ
1737 2658 1755 2731 ὃ
1779 2662 1926 2747 κωμικὸς
1956 2665 2062 2752 δηλοῖ,

358 2757 452 2826 καθὰ
481 2763 536 2828 καὶ
560 2761 598 2830 τὸ
621 2773 779 2853 γίνεσθαι
809 2775 1000 2856 γίγνεσθαι.
1040 2764 1189 2856 ’Όμηρος
1216 2775 1333 2853 μέντοι
1363 2765 1611 2857 ἀρχαϊκώτερον
1641 2762 1756 2853 ἀγνοεῖ
1782 2769 1840 2832 καὶ
1868 2766 1904 2832 ἐν
1933 2761 2066 2855 ἀμφοῖν

358 2861 395 2932 τὸ
420 2861 577 2956 δεύτερον
599 2873 732 2957 γάμμα·
770 2873 900 2940 ἔστιδὲ
924 2869 1015 2956 ὅμως
1039 2869 1278 2959 ἀκριβέστεραι
1300 2870 1337 2938 τὸ
1369 2880 1436 2938 τών
1458 2867 1607 2960 ὕστερον,
1636 2871 1666 2937 εἰ
1688 2873 1746 2936 καὶ
1769 2866 2004 2960 εὐφωνότερον
2027 2868 2064 2936 τὸ

361 2983 418 3042 τοῦ
436 2971 595 3064 Ὁμήρου.
627 2977 752 3043 Atticas
775 2975 894 3046 formas
916 2974 1112 3062 γιγνώσκειν
1134 2984 1166 3043 et
1188 2981 1368 3062 γίγνεσθαι
1390 2978 1591 3061 grammatici
1615 2976 1798 3061 perhibent;
1825 2983 1934 3041 tamen
1955 2976 2065 3061 Poppo

357 3079 380 3145 l.
406 3099 434 3146 c.
461 3080 631 3148 Casselnni
654 3087 686 3146 et
708 3079 889 3164 Augustani
919 3081 1063 3147 codicum
1087 3081 1184 3146 nimio
1213 3081 1319 3148 studio
1348 3082 1504 3166 deceptus
1534 3080 1621 3146 haud
1651 3099 1723 3145 raro
1753 3079 1787 3144 iu
1817 3078 1907 3144 libris
1936 3072 2082 3162 optimis'

357 3187 516 3268 γίνεσθαι
546 3183 677 3270 reperiri
706 3183 793 3250 dicit.
842 3184 908 3250 Sed
938 3183 1073 3250 fallitur.
1120 3185 1325 3266 Reliquorum
1354 3185 1509 3250 honorum
1538 3183 1681 3250 codicum
1710 3188 1834 3248 tantum
1857 3182 2066 3248 Laurentiani

357 3285 437 3372 plut.
465 3289 506 3350 69
529 3286 600 3353 cod.
628 3291 646 3352 2
675 3307 733 3353 sex
757 3287 878 3372 primae
901 3287 1040 3372 paginae
1063 3309 1084 3352 a
1112 3287 1209 3371 longe
1231 3288 1407 3354 recentiore
1430 3308 1527 3354 manu
1550 3287 1690 3372 scriptae
1713 3290 1871 3370 γίνεσθαι
1897 3286 2062 3366 exhibent,

357 3389 402 3456 uti
427 3390 439 3454 l
468 3395 504 3456 13
528 3397 593 3466 ter;
627 3392 643 3456 Ι
671 3395 725 3468 16;
759 3391 848 3470 133,
877 3391 1012 3458 talias.
1061 3391 1189 3474 Reliqui
1218 3411 1328 3458 omnes
1359 3391 1486 3457 codices
1516 3390 1783 3476 praestantissimi
1813 3389 1854 3454 ad
1885 3391 2066 3472 γίγνεσθαι

358 3493 564 3580 propendent.
614 3494 686 3573 Qua
715 3493 755 3560 de
785 3513 882 3560 causa
909 3514 967 3559 suo
996 3494 1066 3560 iure
1090 3495 1259 3560 Belrlrerus
1286 3494 1329 3560 ad
1351 3493 1452 3559 Thuc.
1480 3495 1548 3575 12,
1576 3497 1594 3556 2
1625 3492 1751 3558 videtur
1772 3491 1996 3570 admonuisse,
2031 3499 2066 3558 ut

358 3596 474 3678 ubique
499 3615 554 3682 por
569 3596 793 3682 Thucydidem
817 3601 996 3683 γίγνεσθαι
1019 3604 1051 3664 et
1073 3596 1269 3690 γιγνώσκειν
1284 3597 1481 3663 restituatur.
1521 3596 1614 3675 Quod
1637 3614 1712 3661 vero
1734 3593 1791 3658 alii
1813 3592 1949 3658 eandem
1964 3594 2065 3660 ratio-

358 3699 549 3764 nemetiam
577 3699 664 3784 apud
694 3699 834 3784 reliquos
863 3707 990 3768 veteres
1013 3702 1136 3767 Atticos
1164 3700 1430 3779 observaverunt,
1463 3708 1548 3766 recte
1578 3699 1656 3763 mihi
1686 3696 1793 3762 faeere
1822 3695 1945 3778 videor,
1978 3698 2065 3780 quod

356 3802 698 3888 gramuroticorum.et
726 3803 876 3870 librorum
908 3823 985 3870 mss.
1017 3805 1237 3870 auctoritatem
1275 3811 1404 3872 secutus
1434 3803 1549 3868 Atticis
1584 3801 1746 3867 veteribus
1778 3801 1897 3883 ubique
1931 3799 2063 3866 restituo

356 3909 537 3992 γίγνεσθαι
566 3912 599 3970 ct
627 3903 832 3990 γιγνώσκειν.
880 3907 945 3975 Sed
974 3908 1132 3990 dubitem,
1166 3929 1240 3974 num
1272 3929 1341 3975 cum
1366 3906 1524 3991 Stephani
1545 3906 1711 3972 Thesauro
1740 3902 1968 3970 recentioribus
1990 3900 2062 3966 dia-

356 4009 431 4075 lecti
455 4007 581 4076 Attioae
609 4009 791 4082 auctoribus
820 4012 953 4077 alteram
985 4011 1119 4078 formam
1148 4013 1338 4094 relinquam.
1386 4010 1472 4076 Saue
1501 4009 1633 4091 linguae
1663 4007 1840 4073 communis
1870 4011 1936 4088 est,
1966 4024 2061 4088 quam
2164 4081 2169 4090 ,

356 4111 560 4198 amplectitur
581 4111 785 4192 Aristoteles,
820 4121 852 4179 et
876 4113 1011 4197 ubique,
1045 4114 1079 4178 ni
1101 4114 1206 4190 fallor,
1239 4113 1325 4198 apud
1348 4134 1422 4180 eum
1445 4116 1605 4197 γίνεσθαι
1627 4117 1660 4174 et
1689 4107 1864 4194 γινώσκειν
1891 4109 2059 4189 excutitur,

357 4221 390 4280 ut
406 4215 475 4280 Pol.
494 4215 526 4280 11
546 4219 572 4296 1,
594 4220 650 4289 11;
681 4219 736 4294 13;
767 4221 803 4280 ll
828 4215 969 4300 alioquin
993 4216 1195 4302 saepissime.
1236 4217 1328 4296 Quod
1351 4235 1426 4281 vero
1449 4213 1564 4278 attinet
1578 4213 1621 4280 ad
1637 4213 1893 4300 Xenophontem,
1917 4213 2062 4278 Sturnius

356 4317 393 4382 1..
420 4317 462 4382 X.
488 4337 515 4384 s.
534 4339 564 4384 v.
591 4317 683 4404 dicit:
713 4321 913 4402 »γίγνεσθαι
936 4325 968 4386 et
990 4323 1165 4406 γίνεσθαις
1192 4341 1267 4386 nam
1289 4319 1324 4384 in
1347 4317 1437 4382 libris
1459 4316 1576 4382 nostris
1599 4317 1694 4383 editis
1717 4325 1886 4399 utrumque
1909 4316 2059 4401 legitur«.

356 4421 434 4488 Ideo
458 4428 581 4488 tontum
605 4421 763 4489 editiones
787 4441 859 4488 cum
883 4423 1042 4510 respIoere
1065 4430 1209 4508 apparet.
1257 4422 1376 4486 Contra
1398 4420 1556 4504 Krueger.
1581 4421 1616 4486 in
1644 4420 1751 4485 iudice
1782 4420 1951 4484 verborum
1972 4416 2062 4482 Ana-

355 4525 472 4592 baseos
501 4525 635 4594 editioni
663 4525 787 4594 adiecto
816 4525 918 4592 tribus
947 4534 1070 4593 tantum
1100 4533 1275 4611 quatuorve
1306 4523 1384 4588 locis
1411 4527 1570 4608 γίνεσθαι
1602 4523 1692 4589 nulla
1721 4521 1877 4587 varietate
1907 4521 1940 4584 in
1971 4519 2070 4585 libris

355 4627 483 4718 optimis
516 4649 593 4696 mss.
626 4631 779 4716 scriptum
812 4647 885 4695 esse
920 4629 1092 4694 contendit.
1141 4629 1201 4696 Oui
1230 4628 1258 4692 si
1290 4625 1386 4694 fidem
1416 4626 1591 4708 habemns,
1627 4645 1698 4689 cum
1729 4622 1825 4686 etiam
1860 4621 2063 4705 grammatici

355 4739 536 4820 γίγνεσθαι
565 4740 597 4799 et
626 4729 820 4818 γιγνώσκειν
846 4731 960 4798 Atticis
986 4732 1139 4814 tribuant,
1169 4732 1203 4796 in
1234 4730 1456 4818 Xenophontis
1485 4730 1577 4796 libris
1607 4727 1724 4808 uquue
1755 4729 1935 4810 γίγνεσθαι
1967 4728 2063 4794 resti-

356 4836 509 4904 tuendum
533 4855 605 4903 esse
628 4855 753 4902 censeo.
802 4836 842 4902 Et
865 4835 1006 4923 profecto
1029 4835 1168 4901 editores
1191 4835 1394 4916 recentiores,
1420 4835 1504 4901 luter
1525 4850 1604 4916 quos
1627 4836 1676 4895 est
1698 4829 1871 4914 Krueger,
1897 4830 2059 4916 Diodori,

355 4940 575 5024 Vollbrecht.,
593 4939 920 5022 Bucchscnschuerz,
947 4939 1120 5022 Ouehner,
1148 4939 1265 5023 ubique
1287 4943 1448 5024 γίνεσ3αι
1470 4945 1502 5004 et
1523 4931 1699 5022 γινώσκειν
1721 4942 1924 5020 spreverunt.
