<?xml version="1.0" encoding="UTF-8"?>
<!DOCTYPE html PUBLIC "-//W3C//DTD XHTML 1.0 Transitional//EN"
    "http://www.w3.org/TR/xhtml1/DTD/xhtml1-transitional.dtd">
<html xmlns="http://www.w3.org/1999/xhtml" xml:lang="en" lang="en">
 <head>
  <title>
</title>
<meta http-equiv="Content-Type" content="text/html;charset=utf-8" />
  <meta name='ocr-system' content='tesseract 3.04.00' />
  <meta name='ocr-capabilities' content='ocr_page ocr_carea ocr_par ocr_line ocrx_word'/>
</head>
<body>
  <div class='ocr_page' id='page_1' title='image "./observationumin00riemgoog_0010.png"; bbox 0 0 4678 5748; ppageno 0'>
   <div class='ocr_carea' id='block_1_1' title="bbox 958 387 1132 452">
    <p class='ocr_par' dir='ltr' id='par_1_1' title="bbox 958 387 1132 452">
     <span class='ocr_line' id='line_1_1' title="bbox 958 387 1132 452; baseline 0 0"><span class='ocrx_word' id='word_1_1' title='bbox 958 387 972 432; x_wconf 76' lang='lat'>⁵</span> <span class='ocrx_word' id='word_1_2' title='bbox 1114 391 1132 452; x_wconf 89' lang='grc'>3</span> 
     </span>
    </p>
   </div>
   <div class='ocr_carea' id='block_1_2' title="bbox 188 575 1980 5086">
    <p class='ocr_par' dir='ltr' id='par_1_2' title="bbox 273 575 1980 748">
     <span class='ocr_line' id='line_1_2' title="bbox 273 575 1980 666; baseline 0.004 -24"><span class='ocrx_word' id='word_1_3' title='bbox 273 577 354 643; x_wconf 92' lang='lat' dir='ltr'>tiore</span> <span class='ocrx_word' id='word_1_4' title='bbox 376 576 484 642; x_wconf 85' lang='lat' dir='ltr'>Attica</span> <span class='ocrx_word' id='word_1_5' title='bbox 507 577 653 660; x_wconf 92' lang='lat' dir='ltr'>dialecto,</span> <span class='ocrx_word' id='word_1_6' title='bbox 687 576 739 643; x_wconf 89' lang='lat' dir='ltr'>val</span> <span class='ocrx_word' id='word_1_7' title='bbox 761 575 890 644; x_wconf 85' lang='lat' dir='ltr'>differat</span> <span class='ocrx_word' id='word_1_8' title='bbox 912 577 953 643; x_wconf 91' lang='lat' dir='ltr'>ab</span> <span class='ocrx_word' id='word_1_9' title='bbox 975 575 1164 660; x_wconf 78' lang='lat' dir='ltr'>antiquiore.</span> <span class='ocrx_word' id='word_1_10' title='bbox 1213 577 1429 644; x_wconf 78' lang='lat' dir='ltr'><strong>observemus</strong></span> <span class='ocrx_word' id='word_1_11' title='bbox 1451 584 1560 645; x_wconf 87' lang='lat' dir='ltr'>autem</span> <span class='ocrx_word' id='word_1_12' title='bbox 1582 579 1736 662; x_wconf 81' lang='lat' dir='ltr'>ordinem,</span> <span class='ocrx_word' id='word_1_13' title='bbox 1763 601 1856 663; x_wconf 91' lang='lat' dir='ltr'>quem</span> <span class='ocrx_word' id='word_1_14' title='bbox 1881 601 1980 666; x_wconf 89' lang='lat' dir='ltr'>supra</span> 
     </span>
     <span class='ocr_line' id='line_1_3' title="bbox 275 680 425 748; baseline -0.027 0"><span class='ocrx_word' id='word_1_15' title='bbox 275 680 425 748; x_wconf 84' lang='lat' dir='ltr'>indicavi.</span> 
     </span>
    </p>

    <p class='ocr_par' dir='ltr' id='par_1_3' title="bbox 274 783 1979 1278">
     <span class='ocr_line' id='line_1_4' title="bbox 360 783 1975 872; baseline 0.004 -24"><span class='ocrx_word' id='word_1_16' title='bbox 360 784 530 862; x_wconf 77' lang='lat' dir='ltr'>Quaeritur</span> <span class='ocrx_word' id='word_1_17' title='bbox 555 783 662 868; x_wconf 81' lang='lat' dir='ltr'>igitur,</span> <span class='ocrx_word' id='word_1_18' title='bbox 697 789 800 850; x_wconf 90' lang='lat' dir='ltr'>utrum</span> <span class='ocrx_word' id='word_1_19' title='bbox 830 784 864 848; x_wconf 94' lang='lat' dir='ltr'>in</span> <span class='ocrx_word' id='word_1_20' title='bbox 893 783 985 850; x_wconf 93' lang='lat' dir='ltr'>libris</span> <span class='ocrx_word' id='word_1_21' title='bbox 1007 784 1250 870; x_wconf 91' lang='lat' dir='ltr'>Xenophonteis</span> <span class='ocrx_word' id='word_1_22' title='bbox 1272 785 1359 851; x_wconf 90' lang='lat' dir='ltr'>idem</span> <span class='ocrx_word' id='word_1_23' title='bbox 1389 785 1573 851; x_wconf 88' lang='lat' dir='ltr'>inveniatur</span> <span class='ocrx_word' id='word_1_24' title='bbox 1600 794 1773 870; x_wconf 88' lang='lat' dir='ltr'>apparatus</span> <span class='ocrx_word' id='word_1_25' title='bbox 1796 791 1975 872; x_wconf 85' lang='lat' dir='ltr'>verborum,</span> 
     </span>
     <span class='ocr_line' id='line_1_5' title="bbox 275 883 1979 974; baseline 0.001 -19"><span class='ocrx_word' id='word_1_26' title='bbox 275 909 338 971; x_wconf 91' lang='lat' dir='ltr'>quo</span> <span class='ocrx_word' id='word_1_27' title='bbox 359 907 438 954; x_wconf 89' lang='lat' dir='ltr'>usus</span> <span class='ocrx_word' id='word_1_28' title='bbox 467 893 517 954; x_wconf 92' lang='lat' dir='ltr'>est</span> <span class='ocrx_word' id='word_1_29' title='bbox 539 886 747 972; x_wconf 78' lang='lat' dir='ltr'>Thucydides</span> <span class='ocrx_word' id='word_1_30' title='bbox 775 907 847 952; x_wconf 89' lang='lat' dir='ltr'>cum</span> <span class='ocrx_word' id='word_1_31' title='bbox 874 887 993 954; x_wconf 89' lang='lat' dir='ltr'>veteris</span> <span class='ocrx_word' id='word_1_32' title='bbox 1024 887 1153 953; x_wconf 80' lang='lat' dir='ltr'>dialecti</span> <span class='ocrx_word' id='word_1_33' title='bbox 1177 887 1303 954; x_wconf 86' lang='lat' dir='ltr'>Atticae</span> <span class='ocrx_word' id='word_1_34' title='bbox 1329 887 1550 973; x_wconf 80' lang='lat' dir='ltr'>scriptoribus,</span> <span class='ocrx_word' id='word_1_35' title='bbox 1585 909 1627 955; x_wconf 90' lang='lat' dir='ltr'>an</span> <span class='ocrx_word' id='word_1_36' title='bbox 1657 910 1751 956; x_wconf 90' lang='lat' dir='ltr'>voees</span> <span class='ocrx_word' id='word_1_37' title='bbox 1778 891 1824 956; x_wconf 94' lang='lat' dir='ltr'>ibi</span> <span class='ocrx_word' id='word_1_38' title='bbox 1854 883 1979 974; x_wconf 76' lang='lat' dir='ltr'>extent,</span> 
     </span>
     <span class='ocr_line' id='line_1_6' title="bbox 275 989 1978 1080; baseline 0.002 -24"><span class='ocrx_word' id='word_1_39' title='bbox 275 1011 408 1076; x_wconf 88' lang='lat' dir='ltr'>quarum</span> <span class='ocrx_word' id='word_1_40' title='bbox 432 1011 509 1058; x_wconf 91' lang='lat' dir='ltr'>usus</span> <span class='ocrx_word' id='word_1_41' title='bbox 537 991 684 1075; x_wconf 88' lang='lat' dir='ltr'>proprius</span> <span class='ocrx_word' id='word_1_42' title='bbox 706 989 748 1055; x_wconf 91' lang='lat' dir='ltr'>sit</span> <span class='ocrx_word' id='word_1_43' title='bbox 770 991 982 1056; x_wconf 79' lang='lat' dir='ltr'>recentiorum</span> <span class='ocrx_word' id='word_1_44' title='bbox 1005 990 1192 1057; x_wconf 84' lang='lat' dir='ltr'>Atticorum.</span> <span class='ocrx_word' id='word_1_45' title='bbox 1239 991 1287 1056; x_wconf 86' lang='lat' dir='ltr'>Ac</span> <span class='ocrx_word' id='word_1_46' title='bbox 1308 991 1446 1076; x_wconf 90' lang='lat' dir='ltr'>primum</span> <span class='ocrx_word' id='word_1_47' title='bbox 1468 991 1613 1075; x_wconf 90' lang='lat' dir='ltr'>quidem,</span> <span class='ocrx_word' id='word_1_48' title='bbox 1649 1000 1685 1059; x_wconf 93' lang='lat' dir='ltr'>ut</span> <span class='ocrx_word' id='word_1_49' title='bbox 1706 993 1817 1059; x_wconf 89' lang='lat' dir='ltr'>ordine</span> <span class='ocrx_word' id='word_1_50' title='bbox 1845 1015 1978 1080; x_wconf 90' lang='lat' dir='ltr'>progre-</span> 
     </span>
     <span class='ocr_line' id='line_1_7' title="bbox 274 1092 1979 1184; baseline 0.002 -24"><span class='ocrx_word' id='word_1_51' title='bbox 274 1095 409 1175; x_wconf 85' lang='lat' dir='ltr'>diamur,</span> <span class='ocrx_word' id='word_1_52' title='bbox 436 1115 512 1160; x_wconf 92' lang='lat' dir='ltr'>nnm</span> <span class='ocrx_word' id='word_1_53' title='bbox 535 1113 640 1174; x_wconf 90' lang='lat' dir='ltr'>voces,</span> <span class='ocrx_word' id='word_1_54' title='bbox 664 1113 747 1178; x_wconf 90' lang='lat' dir='ltr'>quas</span> <span class='ocrx_word' id='word_1_55' title='bbox 769 1093 929 1176; x_wconf 80' lang='lat' dir='ltr'>antiquior</span> <span class='ocrx_word' id='word_1_56' title='bbox 950 1093 1057 1158; x_wconf 86' lang='lat' dir='ltr'>Attica</span> <span class='ocrx_word' id='word_1_57' title='bbox 1079 1092 1236 1159; x_wconf 83' lang='lat' dir='ltr'>dialectos</span> <span class='ocrx_word' id='word_1_58' title='bbox 1260 1092 1321 1159; x_wconf 91' lang='lat' dir='ltr'>sibi</span> <span class='ocrx_word' id='word_1_59' title='bbox 1344 1093 1506 1178; x_wconf 85' lang='lat' dir='ltr'>selegerit,</span> <span class='ocrx_word' id='word_1_60' title='bbox 1533 1096 1740 1184; x_wconf 86' lang='lat' dir='ltr'>Xenophonti</span> <span class='ocrx_word' id='word_1_61' title='bbox 1762 1116 1887 1181; x_wconf 88' lang='lat' dir='ltr'>quoque</span> <span class='ocrx_word' id='word_1_62' title='bbox 1910 1099 1979 1163; x_wconf 92' lang='lat' dir='ltr'>nsi-</span> 
     </span>
     <span class='ocr_line' id='line_1_8' title="bbox 274 1197 664 1278; baseline -0.005 -15"><span class='ocrx_word' id='word_1_63' title='bbox 274 1205 361 1264; x_wconf 87' lang='lat' dir='ltr'>tatae</span> <span class='ocrx_word' id='word_1_64' title='bbox 384 1197 458 1278; x_wconf 90' lang='lat' dir='ltr'>sint,</span> <span class='ocrx_word' id='word_1_65' title='bbox 485 1197 664 1263; x_wconf 83' lang='lat' dir='ltr'>videamus.</span> 
     </span>
    </p>

    <p class='ocr_par' dir='ltr' id='par_1_4' title="bbox 188 1297 1980 3555">
     <span class='ocr_line' id='line_1_9' title="bbox 360 1297 1978 1386; baseline 0.002 -20"><span class='ocrx_word' id='word_1_66' title='bbox 360 1301 455 1366; x_wconf 90' lang='lat' dir='ltr'>Dion.</span> <span class='ocrx_word' id='word_1_67' title='bbox 480 1300 554 1366; x_wconf 86' lang='lat' dir='ltr'>Hal.</span> <span class='ocrx_word' id='word_1_68' title='bbox 581 1301 743 1366; x_wconf 90' lang='lat' dir='ltr'>disserens</span> <span class='ocrx_word' id='word_1_69' title='bbox 765 1300 806 1366; x_wconf 91' lang='lat' dir='ltr'>de</span> <span class='ocrx_word' id='word_1_70' title='bbox 829 1300 1006 1366; x_wconf 87' lang='lat' dir='ltr'>elocutione</span> <span class='ocrx_word' id='word_1_71' title='bbox 1029 1297 1247 1383; x_wconf 81' lang='lat' dir='ltr'>Thucydidis,</span> <span class='ocrx_word' id='word_1_72' title='bbox 1282 1319 1376 1381; x_wconf 92' lang='lat' dir='ltr'>quem</span> <span class='ocrx_word' id='word_1_73' title='bbox 1399 1301 1552 1386; x_wconf 92' lang='lat' dir='ltr'>optimum</span> <span class='ocrx_word' id='word_1_74' title='bbox 1577 1303 1742 1386; x_wconf 86' lang='lat' dir='ltr'>exemplar</span> <span class='ocrx_word' id='word_1_75' title='bbox 1764 1303 1881 1372; x_wconf 88' lang='lat' dir='ltr'>veteris</span> <span class='ocrx_word' id='word_1_76' title='bbox 1905 1305 1978 1369; x_wconf 89' lang='lat' dir='ltr'>dia-</span> 
     </span>
     <span class='ocr_line' id='line_1_10' title="bbox 273 1397 1977 1494; baseline 0.002 -25"><span class='ocrx_word' id='word_1_77' title='bbox 273 1404 348 1470; x_wconf 87' lang='lat' dir='ltr'>lecti</span> <span class='ocrx_word' id='word_1_78' title='bbox 376 1404 503 1470; x_wconf 82' lang='lat' dir='ltr'>Atticae</span> <span class='ocrx_word' id='word_1_79' title='bbox 536 1403 650 1484; x_wconf 83' lang='lat' dir='ltr'>habet,</span> <span class='ocrx_word' id='word_1_80' title='bbox 687 1402 811 1469; x_wconf 84' lang='lat' dir='ltr'>crimini</span> <span class='ocrx_word' id='word_1_81' title='bbox 838 1403 887 1468; x_wconf 93' lang='lat' dir='ltr'>illi</span> <span class='ocrx_word' id='word_1_82' title='bbox 915 1403 986 1483; x_wconf 92' lang='lat' dir='ltr'>dat,</span> <span class='ocrx_word' id='word_1_83' title='bbox 1024 1401 1109 1488; x_wconf 86' lang='lat' dir='ltr'>quod</span> <span class='ocrx_word' id='word_1_84' title='bbox 1138 1403 1227 1481; x_wconf 82' lang='grc' dir='ltr'><strong><em>λέξις</em></strong></span> <span class='ocrx_word' id='word_1_85' title='bbox 1256 1403 1326 1468; x_wconf 88' lang='lat' dir='ltr'>eius</span> <span class='ocrx_word' id='word_1_86' title='bbox 1357 1404 1399 1469; x_wconf 87' lang='lat' dir='ltr'>sit</span> <span class='ocrx_word' id='word_1_87' title='bbox 1427 1397 1689 1492; x_wconf 85' lang='grc' dir='ltr'><em>ἀπηρχαιωμὲνη</em></span> <span class='ocrx_word' id='word_1_88' title='bbox 1721 1401 1977 1494; x_wconf 78' lang='grc' dir='ltr'>γλωσσηματικὴ</span> 
     </span>
     <span class='ocr_line' id='line_1_11' title="bbox 274 1504 1980 1595; baseline 0.002 -23"><span class='ocrx_word' id='word_1_89' title='bbox 274 1504 472 1594; x_wconf 70' lang='grc' dir='ltr'>ὀοσεικοσιὴ</span> <span class='ocrx_word' id='word_1_90' title='bbox 496 1517 567 1584; x_wconf 78' lang='grc' dir='ltr'><strong><em>τοῖς</em></strong></span> <span class='ocrx_word' id='word_1_91' title='bbox 590 1506 741 1582; x_wconf 82' lang='grc' dir='ltr'><strong><em>πολλοῖς.</em></strong></span> <span class='ocrx_word' id='word_1_92' title='bbox 788 1507 859 1573; x_wconf 88' lang='lat' dir='ltr'>Nec</span> <span class='ocrx_word' id='word_1_93' title='bbox 880 1507 949 1572; x_wconf 93' lang='lat' dir='ltr'>sine</span> <span class='ocrx_word' id='word_1_94' title='bbox 978 1507 1048 1572; x_wconf 92' lang='lat' dir='ltr'>iure</span> <span class='ocrx_word' id='word_1_95' title='bbox 1071 1505 1111 1572; x_wconf 90' lang='lat' dir='ltr'>de</span> <span class='ocrx_word' id='word_1_96' title='bbox 1134 1506 1306 1572; x_wconf 89' lang='lat' dir='ltr'>obliterata</span> <span class='ocrx_word' id='word_1_97' title='bbox 1327 1513 1424 1590; x_wconf 90' lang='lat' dir='ltr'>atque</span> <span class='ocrx_word' id='word_1_98' title='bbox 1452 1508 1620 1591; x_wconf 88' lang='lat' dir='ltr'>antiquata</span> <span class='ocrx_word' id='word_1_99' title='bbox 1641 1509 1842 1595; x_wconf 83' lang='lat' dir='ltr'>Thucydidis</span> <span class='ocrx_word' id='word_1_100' title='bbox 1871 1511 1980 1576; x_wconf 89' lang='lat' dir='ltr'>elocu-</span> 
     </span>
     <span class='ocr_line' id='line_1_12' title="bbox 188 1608 1979 1695; baseline 0.001 -19"><span class='ocrx_word' id='word_1_101' title='bbox 188 1679 189 1684; x_wconf 60' lang='grc'>,</span> <span class='ocrx_word' id='word_1_102' title='bbox 273 1612 359 1676; x_wconf 88' lang='lat' dir='ltr'>tione</span> <span class='ocrx_word' id='word_1_103' title='bbox 390 1611 543 1694; x_wconf 88' lang='lat' dir='ltr'>queritur.</span> <span class='ocrx_word' id='word_1_104' title='bbox 590 1609 728 1674; x_wconf 83' lang='lat' dir='ltr'>Fallitur</span> <span class='ocrx_word' id='word_1_105' title='bbox 753 1616 877 1692; x_wconf 86' lang='lat' dir='ltr'>autem,</span> <span class='ocrx_word' id='word_1_106' title='bbox 909 1609 995 1692; x_wconf 92' lang='lat' dir='ltr'>quod</span> <span class='ocrx_word' id='word_1_107' title='bbox 1017 1608 1078 1674; x_wconf 91' lang='lat' dir='ltr'>sibi</span> <span class='ocrx_word' id='word_1_108' title='bbox 1104 1609 1266 1692; x_wconf 84' lang='lat' dir='ltr'>persuasit</span> <span class='ocrx_word' id='word_1_109' title='bbox 1288 1609 1511 1695; x_wconf 88' lang='lat' dir='ltr'>Thucydidem</span> <span class='ocrx_word' id='word_1_110' title='bbox 1543 1613 1583 1678; x_wconf 91' lang='lat' dir='ltr'>de</span> <span class='ocrx_word' id='word_1_111' title='bbox 1613 1612 1771 1690; x_wconf 83' lang='lat' dir='ltr'>industria</span> <span class='ocrx_word' id='word_1_112' title='bbox 1797 1633 1892 1679; x_wconf 91' lang='lat' dir='ltr'>voees</span> <span class='ocrx_word' id='word_1_113' title='bbox 1920 1613 1979 1677; x_wconf 94' lang='lat' dir='ltr'>ob-</span> 
     </span>
     <span class='ocr_line' id='line_1_13' title="bbox 272 1712 1978 1797; baseline 0 -17"><span class='ocrx_word' id='word_1_114' title='bbox 272 1714 417 1781; x_wconf 84' lang='lat' dir='ltr'>literatae</span> <span class='ocrx_word' id='word_1_115' title='bbox 438 1715 628 1797; x_wconf 87' lang='lat' dir='ltr'>indagasse,</span> <span class='ocrx_word' id='word_1_116' title='bbox 661 1732 745 1797; x_wconf 93' lang='lat' dir='ltr'>quae</span> <span class='ocrx_word' id='word_1_117' title='bbox 772 1731 832 1778; x_wconf 89' lang='lat' dir='ltr'>sua</span> <span class='ocrx_word' id='word_1_118' title='bbox 853 1717 958 1779; x_wconf 90' lang='lat' dir='ltr'>aetate</span> <span class='ocrx_word' id='word_1_119' title='bbox 979 1712 1044 1776; x_wconf 92' lang='lat' dir='ltr'>iam</span> <span class='ocrx_word' id='word_1_120' title='bbox 1066 1732 1131 1777; x_wconf 91' lang='lat' dir='ltr'>non</span> <span class='ocrx_word' id='word_1_121' title='bbox 1153 1719 1262 1778; x_wconf 87' lang='lat' dir='ltr'>essent</span> <span class='ocrx_word' id='word_1_122' title='bbox 1283 1713 1432 1778; x_wconf 86' lang='lat' dir='ltr'>usitatae.</span> <span class='ocrx_word' id='word_1_123' title='bbox 1478 1713 1554 1782; x_wconf 91' lang='lat' dir='ltr'>Veri</span> <span class='ocrx_word' id='word_1_124' title='bbox 1583 1715 1779 1780; x_wconf 89' lang='lat' dir='ltr'>simillimum</span> <span class='ocrx_word' id='word_1_125' title='bbox 1809 1723 1858 1781; x_wconf 90' lang='lat' dir='ltr'>est</span> <span class='ocrx_word' id='word_1_126' title='bbox 1886 1716 1978 1781; x_wconf 93' lang='lat' dir='ltr'>illum</span> 
     </span>
     <span class='ocr_line' id='line_1_14' title="bbox 274 1814 1980 1900; baseline 0.002 -18"><span class='ocrx_word' id='word_1_127' title='bbox 274 1838 337 1883; x_wconf 90' lang='lat' dir='ltr'>non</span> <span class='ocrx_word' id='word_1_128' title='bbox 359 1817 459 1884; x_wconf 85' lang='lat' dir='ltr'>fnisse</span> <span class='ocrx_word' id='word_1_129' title='bbox 487 1817 600 1882; x_wconf 93' lang='lat' dir='ltr'>talium</span> <span class='ocrx_word' id='word_1_130' title='bbox 628 1816 832 1882; x_wconf 89' lang='lat' dir='ltr'>minutiarum</span> <span class='ocrx_word' id='word_1_131' title='bbox 854 1816 1093 1900; x_wconf 82' lang='lat' dir='ltr'>indagatorem,</span> <span class='ocrx_word' id='word_1_132' title='bbox 1127 1814 1184 1880; x_wconf 92' lang='lat' dir='ltr'>sed</span> <span class='ocrx_word' id='word_1_133' title='bbox 1215 1835 1287 1880; x_wconf 91' lang='lat' dir='ltr'>eum</span> <span class='ocrx_word' id='word_1_134' title='bbox 1314 1814 1471 1882; x_wconf 86' lang='lat' dir='ltr'>dialectus</span> <span class='ocrx_word' id='word_1_135' title='bbox 1493 1817 1600 1882; x_wconf 86' lang='lat' dir='ltr'>Attica</span> <span class='ocrx_word' id='word_1_136' title='bbox 1628 1823 1696 1882; x_wconf 90' lang='lat' dir='ltr'>tum</span> <span class='ocrx_word' id='word_1_137' title='bbox 1725 1838 1789 1883; x_wconf 92' lang='lat' dir='ltr'>non</span> <span class='ocrx_word' id='word_1_138' title='bbox 1818 1818 1864 1883; x_wconf 88' lang='lat' dir='ltr'>ita</span> <span class='ocrx_word' id='word_1_139' title='bbox 1893 1825 1980 1885; x_wconf 87' lang='lat' dir='ltr'>esset</span> 
     </span>
     <span class='ocr_line' id='line_1_15' title="bbox 273 1918 1978 2007; baseline -0.001 -19"><span class='ocrx_word' id='word_1_140' title='bbox 273 1922 446 2007; x_wconf 86' lang='lat' dir='ltr'>perpolita,</span> <span class='ocrx_word' id='word_1_141' title='bbox 478 1927 514 1987; x_wconf 89' lang='lat' dir='ltr'>ut</span> <span class='ocrx_word' id='word_1_142' title='bbox 540 1926 615 2005; x_wconf 92' lang='lat' dir='ltr'>apte</span> <span class='ocrx_word' id='word_1_143' title='bbox 638 1920 786 1986; x_wconf 91' lang='lat' dir='ltr'>adhiberi</span> <span class='ocrx_word' id='word_1_144' title='bbox 814 1925 924 2005; x_wconf 90' lang='lat' dir='ltr'>posset</span> <span class='ocrx_word' id='word_1_145' title='bbox 946 1919 990 1985; x_wconf 93' lang='lat' dir='ltr'>ad</span> <span class='ocrx_word' id='word_1_146' title='bbox 1017 1919 1145 2001; x_wconf 88' lang='lat' dir='ltr'>literas,</span> <span class='ocrx_word' id='word_1_147' title='bbox 1180 1938 1252 1984; x_wconf 91' lang='lat' dir='ltr'>eum</span> <span class='ocrx_word' id='word_1_148' title='bbox 1275 1918 1310 1984; x_wconf 95' lang='lat' dir='ltr'>id</span> <span class='ocrx_word' id='word_1_149' title='bbox 1332 1919 1439 2002; x_wconf 88' lang='lat' dir='ltr'>egisse</span> <span class='ocrx_word' id='word_1_150' title='bbox 1463 1940 1521 1985; x_wconf 91' lang='lat' dir='ltr'>nos</span> <span class='ocrx_word' id='word_1_151' title='bbox 1551 1927 1663 2005; x_wconf 89' lang='lat' dir='ltr'>putare</span> <span class='ocrx_word' id='word_1_152' title='bbox 1686 1927 1827 2004; x_wconf 91' lang='lat' dir='ltr'>oportet,</span> <span class='ocrx_word' id='word_1_153' title='bbox 1861 1929 1895 1988; x_wconf 91' lang='lat' dir='ltr'>ut</span> <span class='ocrx_word' id='word_1_154' title='bbox 1916 1922 1978 1987; x_wconf 91' lang='lat' dir='ltr'>sibi</span> 
     </span>
     <span class='ocr_line' id='line_1_16' title="bbox 273 2022 1978 2107; baseline 0.001 -18"><span class='ocrx_word' id='word_1_155' title='bbox 273 2024 445 2091; x_wconf 87' lang='lat' dir='ltr'>dialectum</span> <span class='ocrx_word' id='word_1_156' title='bbox 468 2024 629 2090; x_wconf 87' lang='lat' dir='ltr'>conderet.</span> <span class='ocrx_word' id='word_1_157' title='bbox 666 2023 749 2088; x_wconf 90' lang='lat' dir='ltr'>Hinc</span> <span class='ocrx_word' id='word_1_158' title='bbox 770 2022 848 2089; x_wconf 91' lang='lat' dir='ltr'>illae</span> <span class='ocrx_word' id='word_1_159' title='bbox 870 2041 966 2088; x_wconf 84' lang='lat' dir='ltr'>voees</span> <span class='ocrx_word' id='word_1_160' title='bbox 989 2022 1178 2088; x_wconf 89' lang='lat' dir='ltr'>obliteratae</span> <span class='ocrx_word' id='word_1_161' title='bbox 1201 2029 1234 2087; x_wconf 91' lang='lat' dir='ltr'>et</span> <span class='ocrx_word' id='word_1_162' title='bbox 1256 2022 1402 2106; x_wconf 77' lang='lat' dir='ltr'>poeticae</span> <span class='ocrx_word' id='word_1_163' title='bbox 1425 2029 1457 2088; x_wconf 95' lang='lat' dir='ltr'>et</span> <span class='ocrx_word' id='word_1_164' title='bbox 1478 2024 1615 2090; x_wconf 91' lang='lat' dir='ltr'>usitatae</span> <span class='ocrx_word' id='word_1_165' title='bbox 1638 2024 1779 2107; x_wconf 89' lang='lat' dir='ltr'>quidem,</span> <span class='ocrx_word' id='word_1_166' title='bbox 1805 2023 1864 2090; x_wconf 91' lang='lat' dir='ltr'>sed</span> <span class='ocrx_word' id='word_1_167' title='bbox 1885 2025 1978 2091; x_wconf 89' lang='lat' dir='ltr'>novis</span> 
     </span>
     <span class='ocr_line' id='line_1_17' title="bbox 272 2125 1977 2210; baseline -0.002 -16"><span class='ocrx_word' id='word_1_168' title='bbox 272 2128 455 2195; x_wconf 92' lang='lat' dir='ltr'>notionibus</span> <span class='ocrx_word' id='word_1_169' title='bbox 477 2129 668 2208; x_wconf 89' lang='lat' dir='ltr'>instructae,</span> <span class='ocrx_word' id='word_1_170' title='bbox 701 2147 834 2210; x_wconf 90' lang='lat' dir='ltr'>quarum</span> <span class='ocrx_word' id='word_1_171' title='bbox 858 2127 1031 2191; x_wconf 90' lang='lat' dir='ltr'>nonnullae</span> <span class='ocrx_word' id='word_1_172' title='bbox 1053 2131 1166 2210; x_wconf 88' lang='lat' dir='ltr'>postea</span> <span class='ocrx_word' id='word_1_173' title='bbox 1188 2145 1228 2189; x_wconf 84' lang='lat' dir='ltr'>ex</span> <span class='ocrx_word' id='word_1_174' title='bbox 1250 2125 1426 2191; x_wconf 89' lang='lat' dir='ltr'>Atticorum</span> <span class='ocrx_word' id='word_1_175' title='bbox 1450 2145 1596 2193; x_wconf 90' lang='lat' dir='ltr'>sermone</span> <span class='ocrx_word' id='word_1_176' title='bbox 1619 2127 1746 2192; x_wconf 93' lang='lat' dir='ltr'>omnino</span> <span class='ocrx_word' id='word_1_177' title='bbox 1769 2133 1977 2193; x_wconf 89' lang='lat' dir='ltr'>evanuerunt.</span> 
     </span>
     <span class='ocr_line' id='line_1_18' title="bbox 273 2225 1979 2319; baseline -0.002 -21"><span class='ocrx_word' id='word_1_178' title='bbox 273 2232 328 2298; x_wconf 86' lang='lat' dir='ltr'>Sic</span> <span class='ocrx_word' id='word_1_179' title='bbox 350 2225 540 2319; x_wconf 65' lang='lat' dir='ltr'>decerperis</span> <span class='ocrx_word' id='word_1_180' title='bbox 570 2231 658 2316; x_wconf 89' lang='lat' dir='ltr'>apud</span> <span class='ocrx_word' id='word_1_181' title='bbox 679 2229 838 2315; x_wconf 84' lang='lat' dir='ltr'>pedestris</span> <span class='ocrx_word' id='word_1_182' title='bbox 861 2229 1015 2295; x_wconf 89' lang='lat' dir='ltr'>orationis</span> <span class='ocrx_word' id='word_1_183' title='bbox 1037 2229 1207 2311; x_wconf 88' lang='lat' dir='ltr'>scriptores</span> <span class='ocrx_word' id='word_1_184' title='bbox 1228 2228 1350 2294; x_wconf 86' lang='lat' dir='ltr'>Atticos</span> <span class='ocrx_word' id='word_1_185' title='bbox 1372 2249 1435 2294; x_wconf 95' lang='lat' dir='ltr'>non</span> <span class='ocrx_word' id='word_1_186' title='bbox 1458 2230 1610 2295; x_wconf 82' lang='lat' dir='ltr'>usitatum</span> <span class='ocrx_word' id='word_1_187' title='bbox 1634 2236 1700 2308; x_wconf 88' lang='lat' dir='ltr'>est,</span> <span class='ocrx_word' id='word_1_188' title='bbox 1733 2230 1851 2314; x_wconf 86' lang='lat' dir='ltr'>legitur</span> <span class='ocrx_word' id='word_1_189' title='bbox 1869 2235 1979 2304; x_wconf 88' lang='lat' dir='ltr'>tamen</span> 
     </span>
     <span class='ocr_line' id='line_1_19' title="bbox 272 2331 1979 2420; baseline -0.002 -19"><span class='ocrx_word' id='word_1_190' title='bbox 272 2335 361 2420; x_wconf 91' lang='lat' dir='ltr'>apud</span> <span class='ocrx_word' id='word_1_191' title='bbox 382 2335 605 2419; x_wconf 89' lang='lat' dir='ltr'>Thucydidem</span> <span class='ocrx_word' id='word_1_192' title='bbox 628 2335 644 2398; x_wconf 96' lang='lat' dir='ltr'>I</span> <span class='ocrx_word' id='word_1_193' title='bbox 670 2337 707 2397; x_wconf 85' lang='lat'>19</span> <span class='ocrx_word' id='word_1_194' title='bbox 731 2339 763 2399; x_wconf 92' lang='lat' dir='ltr'>et</span> <span class='ocrx_word' id='word_1_195' title='bbox 786 2333 801 2397; x_wconf 95' lang='grc' dir='ltr'><strong>Ι</strong></span> <span class='ocrx_word' id='word_1_196' title='bbox 824 2335 875 2415; x_wconf 80' lang='lat'>52,</span> <span class='ocrx_word' id='word_1_197' title='bbox 898 2335 929 2396; x_wconf 80' lang='grc'>2.</span> <span class='ocrx_word' id='word_1_198' title='bbox 966 2333 1159 2417; x_wconf 82' lang='lat' dir='ltr'>.Assumpsit</span> <span class='ocrx_word' id='word_1_199' title='bbox 1181 2333 1263 2398; x_wconf 91' lang='lat' dir='ltr'>hano</span> <span class='ocrx_word' id='word_1_200' title='bbox 1286 2333 1434 2398; x_wconf 87' lang='lat' dir='ltr'>voculam</span> <span class='ocrx_word' id='word_1_201' title='bbox 1458 2353 1498 2399; x_wconf 82' lang='lat' dir='ltr'>ex</span> <span class='ocrx_word' id='word_1_202' title='bbox 1521 2331 1713 2417; x_wconf 84' lang='lat' dir='ltr'>tragicorum</span> <span class='ocrx_word' id='word_1_203' title='bbox 1737 2351 1893 2415; x_wconf 86' lang='lat' dir='ltr'>sermone,</span> <span class='ocrx_word' id='word_1_204' title='bbox 1921 2354 1979 2400; x_wconf 87' lang='lat' dir='ltr'>ex-</span> 
     </span>
     <span class='ocr_line' id='line_1_20' title="bbox 273 2435 1979 2523; baseline -0.001 -19"><span class='ocrx_word' id='word_1_205' title='bbox 273 2444 321 2504; x_wconf 89' lang='lat' dir='ltr'>tat</span> <span class='ocrx_word' id='word_1_206' title='bbox 342 2438 426 2504; x_wconf 91' lang='lat' dir='ltr'>enim</span> <span class='ocrx_word' id='word_1_207' title='bbox 449 2459 502 2523; x_wconf 92' lang='lat' dir='ltr'>ap.</span> <span class='ocrx_word' id='word_1_208' title='bbox 528 2435 626 2522; x_wconf 86' lang='lat' dir='ltr'>Soph.</span> <span class='ocrx_word' id='word_1_209' title='bbox 653 2435 733 2503; x_wconf 91' lang='lat' dir='ltr'>Oed.</span> <span class='ocrx_word' id='word_1_210' title='bbox 761 2435 831 2502; x_wconf 79' lang='lat' dir='ltr'>Col.</span> <span class='ocrx_word' id='word_1_211' title='bbox 860 2439 959 2516; x_wconf 88' lang='grc'>1147;</span> <span class='ocrx_word' id='word_1_212' title='bbox 992 2456 1046 2519; x_wconf 90' lang='lat' dir='ltr'>ap.</span> <span class='ocrx_word' id='word_1_213' title='bbox 1072 2436 1182 2522; x_wconf 81' lang='lat' dir='ltr'>Eurip.</span> <span class='ocrx_word' id='word_1_214' title='bbox 1209 2437 1288 2502; x_wconf 89' lang='lat' dir='ltr'>Hec.</span> <span class='ocrx_word' id='word_1_215' title='bbox 1315 2439 1393 2512; x_wconf 85' lang='grc'>633;</span> <span class='ocrx_word' id='word_1_216' title='bbox 1424 2437 1493 2502; x_wconf 81' lang='lat' dir='ltr'>Ale.</span> <span class='ocrx_word' id='word_1_217' title='bbox 1523 2439 1617 2502; x_wconf 81' lang='lat'><strong>1062.</strong></span> <span class='ocrx_word' id='word_1_218' title='bbox 1663 2437 1701 2501; x_wconf 95' lang='lat' dir='ltr'>In</span> <span class='ocrx_word' id='word_1_219' title='bbox 1724 2437 1836 2503; x_wconf 91' lang='lat' dir='ltr'>eodem</span> <span class='ocrx_word' id='word_1_220' title='bbox 1860 2458 1979 2520; x_wconf 88' lang='lat' dir='ltr'>genere</span> 
     </span>
     <span class='ocr_line' id='line_1_21' title="bbox 271 2536 1980 2627; baseline 0 -21"><span class='ocrx_word' id='word_1_221' title='bbox 271 2541 454 2627; x_wconf 91' lang='lat' dir='ltr'>ponendum</span> <span class='ocrx_word' id='word_1_222' title='bbox 484 2547 533 2606; x_wconf 92' lang='lat' dir='ltr'>est</span> <span class='ocrx_word' id='word_1_223' title='bbox 561 2536 733 2627; x_wconf 75' lang='grc' dir='ltr'>περιωπή,</span> <span class='ocrx_word' id='word_1_224' title='bbox 776 2539 861 2622; x_wconf 91' lang='lat' dir='ltr'>qnod</span> <span class='ocrx_word' id='word_1_225' title='bbox 888 2558 1004 2605; x_wconf 91' lang='lat' dir='ltr'>nomen</span> <span class='ocrx_word' id='word_1_226' title='bbox 1032 2560 1084 2623; x_wconf 90' lang='lat' dir='ltr'>ap.</span> <span class='ocrx_word' id='word_1_227' title='bbox 1110 2539 1204 2604; x_wconf 89' lang='lat' dir='ltr'>Hom.</span> <span class='ocrx_word' id='word_1_228' title='bbox 1236 2540 1274 2604; x_wconf 94' lang='lat' dir='ltr'>Il.</span> <span class='ocrx_word' id='word_1_229' title='bbox 1300 2539 1379 2604; x_wconf 89' lang='lat' dir='ltr'>XIV</span> <span class='ocrx_word' id='word_1_230' title='bbox 1401 2542 1438 2620; x_wconf 76' lang='lat'>83</span> <span class='ocrx_word' id='word_1_231' title='bbox 1473 2539 1586 2605; x_wconf 86' lang='lat' dir='ltr'>XXIII</span> <span class='ocrx_word' id='word_1_232' title='bbox 1609 2545 1667 2604; x_wconf 85' lang='grc'>451</span> <span class='ocrx_word' id='word_1_233' title='bbox 1701 2539 1788 2606; x_wconf 92' lang='lat' dir='ltr'>idem</span> <span class='ocrx_word' id='word_1_234' title='bbox 1819 2539 1980 2623; x_wconf 91' lang='lat' dir='ltr'>significat</span> 
     </span>
     <span class='ocr_line' id='line_1_22' title="bbox 272 2641 1975 2729; baseline -0.001 -19"><span class='ocrx_word' id='word_1_235' title='bbox 272 2665 310 2710; x_wconf 90' lang='lat' dir='ltr'>ae</span> <span class='ocrx_word' id='word_1_236' title='bbox 333 2647 461 2710; x_wconf 79' lang='grc' dir='ltr'><strong><em>σκοπία</em></strong></span> <span class='ocrx_word' id='word_1_237' title='bbox 482 2643 505 2709; x_wconf 91' lang='lat' dir='ltr'>i.</span> <span class='ocrx_word' id='word_1_238' title='bbox 525 2663 554 2709; x_wconf 92' lang='lat' dir='ltr'>e.</span> <span class='ocrx_word' id='word_1_239' title='bbox 573 2643 707 2729; x_wconf 89' lang='lat' dir='ltr'>specula</span> <span class='ocrx_word' id='word_1_240' title='bbox 729 2641 882 2708; x_wconf 76' lang='lat' dir='ltr'>»warte«.</span> <span class='ocrx_word' id='word_1_241' title='bbox 922 2642 1131 2726; x_wconf 88' lang='lat' dir='ltr'>Thucydides</span> <span class='ocrx_word' id='word_1_242' title='bbox 1154 2642 1403 2726; x_wconf 87' lang='lat' dir='ltr'>metaphoricam</span> <span class='ocrx_word' id='word_1_243' title='bbox 1420 2643 1687 2726; x_wconf 88' lang='lat' dir='ltr'>significationem</span> <span class='ocrx_word' id='word_1_244' title='bbox 1711 2641 1822 2708; x_wconf 87' lang='lat' dir='ltr'>tribuit</span> <span class='ocrx_word' id='word_1_245' title='bbox 1844 2643 1975 2726; x_wconf 90' lang='lat' dir='ltr'>nomini,</span> 
     </span>
     <span class='ocr_line' id='line_1_23' title="bbox 272 2745 1979 2835; baseline -0.001 -22"><span class='ocrx_word' id='word_1_246' title='bbox 272 2756 307 2814; x_wconf 90' lang='lat' dir='ltr'>ut</span> <span class='ocrx_word' id='word_1_247' title='bbox 329 2748 464 2816; x_wconf 89' lang='lat' dir='ltr'>haberet</span> <span class='ocrx_word' id='word_1_248' title='bbox 490 2747 679 2835; x_wconf 86' lang='lat' dir='ltr'>prudentiae</span> <span class='ocrx_word' id='word_1_249' title='bbox 703 2753 735 2812; x_wconf 91' lang='lat' dir='ltr'>et</span> <span class='ocrx_word' id='word_1_250' title='bbox 757 2745 1035 2831; x_wconf 87' lang='lat' dir='ltr'>circumspiciendi</span> <span class='ocrx_word' id='word_1_251' title='bbox 1064 2746 1234 2812; x_wconf 89' lang='lat' dir='ltr'>notionem.</span> <span class='ocrx_word' id='word_1_252' title='bbox 1281 2746 1319 2810; x_wconf 92' lang='lat' dir='ltr'>In</span> <span class='ocrx_word' id='word_1_253' title='bbox 1346 2745 1459 2811; x_wconf 92' lang='lat' dir='ltr'>eodem</span> <span class='ocrx_word' id='word_1_254' title='bbox 1486 2766 1605 2829; x_wconf 90' lang='lat' dir='ltr'>genere</span> <span class='ocrx_word' id='word_1_255' title='bbox 1635 2767 1753 2832; x_wconf 89' lang='lat' dir='ltr'>ponere</span> <span class='ocrx_word' id='word_1_256' title='bbox 1782 2766 1845 2811; x_wconf 92' lang='lat' dir='ltr'>non</span> <span class='ocrx_word' id='word_1_257' title='bbox 1868 2746 1979 2813; x_wconf 89' lang='lat' dir='ltr'>dubito</span> 
     </span>
     <span class='ocr_line' id='line_1_24' title="bbox 272 2845 1974 2938; baseline -0.002 -21"><span class='ocrx_word' id='word_1_258' title='bbox 272 2871 388 2918; x_wconf 92' lang='lat' dir='ltr'>nomen</span> <span class='ocrx_word' id='word_1_259' title='bbox 418 2845 583 2938; x_wconf 77' lang='grc' dir='ltr'>ἀνακωχή,</span> <span class='ocrx_word' id='word_1_260' title='bbox 614 2850 700 2933; x_wconf 90' lang='lat' dir='ltr'>quod</span> <span class='ocrx_word' id='word_1_261' title='bbox 728 2857 778 2917; x_wconf 92' lang='lat' dir='ltr'>est</span> <span class='ocrx_word' id='word_1_262' title='bbox 805 2849 1108 2935; x_wconf 81' lang='lat' dir='ltr'>ap.Thue.140,</span> <span class='ocrx_word' id='word_1_263' title='bbox 1141 2853 1177 2930; x_wconf 82' lang='lat'>33</span> <span class='ocrx_word' id='word_1_264' title='bbox 1210 2850 1308 2930; x_wconf 89' lang='grc'>166;</span> <span class='ocrx_word' id='word_1_265' title='bbox 1342 2849 1448 2924; x_wconf 71' lang='lat'>1114,</span> <span class='ocrx_word' id='word_1_266' title='bbox 1475 2855 1511 2929; x_wconf 86' lang='grc'>4;</span> <span class='ocrx_word' id='word_1_267' title='bbox 1545 2850 1590 2915; x_wconf 99' lang='grc' dir='ltr'><em>Ν</em></span> <span class='ocrx_word' id='word_1_268' title='bbox 1613 2853 1671 2933; x_wconf 89' lang='lat'>38,</span> <span class='ocrx_word' id='word_1_269' title='bbox 1702 2855 1734 2926; x_wconf 87' lang='lat'>1;</span> <span class='ocrx_word' id='word_1_270' title='bbox 1768 2849 1813 2914; x_wconf 93' lang='lat' dir='ltr'>IV</span> <span class='ocrx_word' id='word_1_271' title='bbox 1837 2855 1909 2931; x_wconf 87' lang='lat'>117,</span> <span class='ocrx_word' id='word_1_272' title='bbox 1937 2854 1974 2930; x_wconf 83' lang='lat'>2;</span> 
     </span>
     <span class='ocr_line' id='line_1_25' title="bbox 273 2949 1975 3039; baseline -0.002 -19"><span class='ocrx_word' id='word_1_273' title='bbox 273 2955 374 3036; x_wconf 82' lang='lat' dir='ltr'>V25,</span> <span class='ocrx_word' id='word_1_274' title='bbox 403 2959 437 3033; x_wconf 79' lang='lat'>33</span> <span class='ocrx_word' id='word_1_275' title='bbox 472 2954 550 3020; x_wconf 93' lang='lat' dir='ltr'>VIII</span> <span class='ocrx_word' id='word_1_276' title='bbox 573 2958 623 3035; x_wconf 82' lang='lat'>87,</span> <span class='ocrx_word' id='word_1_277' title='bbox 651 2957 687 3031; x_wconf 85' lang='grc'>4;</span> <span class='ocrx_word' id='word_1_278' title='bbox 720 2961 786 3020; x_wconf 90' lang='lat' dir='ltr'>tum</span> <span class='ocrx_word' id='word_1_279' title='bbox 810 2953 942 3018; x_wconf 89' lang='lat' dir='ltr'>verbnm</span> <span class='ocrx_word' id='word_1_280' title='bbox 966 2952 1052 3035; x_wconf 92' lang='lat' dir='ltr'>qnod</span> <span class='ocrx_word' id='word_1_281' title='bbox 1073 2960 1123 3018; x_wconf 90' lang='lat' dir='ltr'>est</span> <span class='ocrx_word' id='word_1_282' title='bbox 1151 2950 1372 3039; x_wconf 74' lang='grc' dir='ltr'>ἐπισπέρχειν</span> <span class='ocrx_word' id='word_1_283' title='bbox 1394 2953 1438 3018; x_wconf 95' lang='grc' dir='ltr'><em>Ν</em></span> <span class='ocrx_word' id='word_1_284' title='bbox 1463 2956 1512 3035; x_wconf 80' lang='lat'>12,</span> <span class='ocrx_word' id='word_1_285' title='bbox 1542 2958 1575 3024; x_wconf 86' lang='lat'>1:</span> <span class='ocrx_word' id='word_1_286' title='bbox 1608 2949 1797 3039; x_wconf 77' lang='grc' dir='ltr'><em>ἐξοτρύνειν</em></span> <span class='ocrx_word' id='word_1_287' title='bbox 1819 2954 1834 3016; x_wconf 96' lang='grc' dir='ltr'>Ι</span> <span class='ocrx_word' id='word_1_288' title='bbox 1858 2955 1909 3036; x_wconf 84' lang='grc'>84,</span> <span class='ocrx_word' id='word_1_289' title='bbox 1937 2957 1975 3032; x_wconf 77' lang='lat'>23</span> 
     </span>
     <span class='ocr_line' id='line_1_26' title="bbox 272 3055 1977 3141; baseline 0 -17"><span class='ocrx_word' id='word_1_290' title='bbox 272 3059 363 3140; x_wconf 88' lang='lat'>190,</span> <span class='ocrx_word' id='word_1_291' title='bbox 393 3062 427 3132; x_wconf 89' lang='grc'>1;</span> <span class='ocrx_word' id='word_1_292' title='bbox 462 3055 600 3140; x_wconf 74' lang='grc' dir='ltr'><strong><em>θάμβος</em></strong></span> <span class='ocrx_word' id='word_1_293' title='bbox 622 3058 667 3122; x_wconf 92' lang='lat' dir='ltr'>VI</span> <span class='ocrx_word' id='word_1_294' title='bbox 690 3060 742 3141; x_wconf 90' lang='grc'>31,</span> <span class='ocrx_word' id='word_1_295' title='bbox 769 3059 807 3134; x_wconf 88' lang='grc'>6,</span> <span class='ocrx_word' id='word_1_296' title='bbox 840 3056 927 3140; x_wconf 91' lang='lat' dir='ltr'>quod</span> <span class='ocrx_word' id='word_1_297' title='bbox 946 3074 1065 3121; x_wconf 91' lang='lat' dir='ltr'>nomen</span> <span class='ocrx_word' id='word_1_298' title='bbox 1095 3056 1198 3140; x_wconf 70' lang='lat' dir='ltr'>politis</span> <span class='ocrx_word' id='word_1_299' title='bbox 1227 3056 1378 3122; x_wconf 91' lang='lat' dir='ltr'>usitatum</span> <span class='ocrx_word' id='word_1_300' title='bbox 1409 3057 1505 3122; x_wconf 90' lang='lat' dir='ltr'>etiam</span> <span class='ocrx_word' id='word_1_301' title='bbox 1534 3057 1619 3141; x_wconf 91' lang='lat' dir='ltr'>apud</span> <span class='ocrx_word' id='word_1_302' title='bbox 1643 3057 1809 3123; x_wconf 91' lang='lat' dir='ltr'>Platonem</span> <span class='ocrx_word' id='word_1_303' title='bbox 1839 3055 1977 3141; x_wconf 89' lang='lat' dir='ltr'>legimus</span> 
     </span>
     <span class='ocr_line' id='line_1_27' title="bbox 272 3154 1978 3247; baseline -0.001 -21"><span class='ocrx_word' id='word_1_304' title='bbox 272 3162 305 3243; x_wconf 87' lang='lat' dir='ltr'>in</span> <span class='ocrx_word' id='word_1_305' title='bbox 327 3161 465 3227; x_wconf 92' lang='lat' dir='ltr'>Phaedr.</span> <span class='ocrx_word' id='word_1_306' title='bbox 492 3183 513 3246; x_wconf 97' lang='lat' dir='ltr'>p</span> <span class='ocrx_word' id='word_1_307' title='bbox 551 3164 614 3224; x_wconf 80' lang='grc'>754</span> <span class='ocrx_word' id='word_1_308' title='bbox 630 3161 665 3241; x_wconf 82' lang='lat' dir='ltr'>G,</span> <span class='ocrx_word' id='word_1_309' title='bbox 695 3160 752 3245; x_wconf 90' lang='lat' dir='ltr'>qui</span> <span class='ocrx_word' id='word_1_310' title='bbox 774 3158 855 3226; x_wconf 78' lang='lat' dir='ltr'>liber</span> <span class='ocrx_word' id='word_1_311' title='bbox 877 3161 1019 3245; x_wconf 91' lang='lat' dir='ltr'>repletus</span> <span class='ocrx_word' id='word_1_312' title='bbox 1042 3167 1091 3225; x_wconf 88' lang='lat' dir='ltr'>est</span> <span class='ocrx_word' id='word_1_313' title='bbox 1112 3166 1227 3225; x_wconf 89' lang='lat' dir='ltr'>ornatu</span> <span class='ocrx_word' id='word_1_314' title='bbox 1248 3160 1384 3246; x_wconf 75' lang='lat' dir='ltr'>poetico.</span> <span class='ocrx_word' id='word_1_315' title='bbox 1431 3159 1503 3224; x_wconf 88' lang='lat' dir='ltr'>Huc</span> <span class='ocrx_word' id='word_1_316' title='bbox 1525 3161 1621 3224; x_wconf 90' lang='lat' dir='ltr'>etiam</span> <span class='ocrx_word' id='word_1_317' title='bbox 1644 3160 1806 3244; x_wconf 90' lang='lat' dir='ltr'>pertinent</span> <span class='ocrx_word' id='word_1_318' title='bbox 1829 3154 1978 3247; x_wconf 78' lang='grc' dir='ltr'><em>ἀμφιάή-</em></span> 
     </span>
     <span class='ocr_line' id='line_1_28' title="bbox 273 3254 1978 3350; baseline 0 -22"><span class='ocrx_word' id='word_1_319' title='bbox 273 3285 366 3349; x_wconf 80' lang='grc' dir='ltr'><em>ρινος</em></span> <span class='ocrx_word' id='word_1_320' title='bbox 388 3265 433 3329; x_wconf 92' lang='lat' dir='ltr'>IV</span> <span class='ocrx_word' id='word_1_321' title='bbox 451 3268 522 3344; x_wconf 90' lang='grc'>134,</span> <span class='ocrx_word' id='word_1_322' title='bbox 552 3268 586 3342; x_wconf 91' lang='lat'>1;</span> <span class='ocrx_word' id='word_1_323' title='bbox 620 3261 754 3350; x_wconf 78' lang='grc' dir='ltr'><strong><em>κωλύμη</em></strong></span> <span class='ocrx_word' id='word_1_324' title='bbox 778 3265 794 3328; x_wconf 94' lang='grc' dir='ltr'>Ι</span> <span class='ocrx_word' id='word_1_325' title='bbox 817 3267 873 3342; x_wconf 82' lang='grc'>92;</span> <span class='ocrx_word' id='word_1_326' title='bbox 901 3263 946 3327; x_wconf 94' lang='grc' dir='ltr'><em>Ν</em></span> <span class='ocrx_word' id='word_1_327' title='bbox 969 3265 1021 3342; x_wconf 80' lang='grc'>27,</span> <span class='ocrx_word' id='word_1_328' title='bbox 1048 3265 1085 3343; x_wconf 78' lang='lat'>33</span> <span class='ocrx_word' id='word_1_329' title='bbox 1110 3263 1165 3342; x_wconf 93' lang='lat' dir='ltr'>IV,</span> <span class='ocrx_word' id='word_1_330' title='bbox 1194 3267 1245 3346; x_wconf 89' lang='grc'>63,</span> <span class='ocrx_word' id='word_1_331' title='bbox 1275 3268 1306 3343; x_wconf 88' lang='grc'>1;</span> <span class='ocrx_word' id='word_1_332' title='bbox 1335 3254 1496 3349; x_wconf 77' lang='grc' dir='ltr'><em>ἀχθηδών</em></span> <span class='ocrx_word' id='word_1_333' title='bbox 1518 3263 1550 3327; x_wconf 94' lang='grc' dir='ltr'>ΙΙ</span> <span class='ocrx_word' id='word_1_334' title='bbox 1574 3267 1625 3344; x_wconf 90' lang='grc'>37,</span> <span class='ocrx_word' id='word_1_335' title='bbox 1653 3266 1690 3342; x_wconf 83' lang='grc'>2;</span> <span class='ocrx_word' id='word_1_336' title='bbox 1716 3262 1762 3326; x_wconf 92' lang='grc' dir='ltr'><em>Ν</em></span> <span class='ocrx_word' id='word_1_337' title='bbox 1784 3268 1836 3344; x_wconf 91' lang='grc'>40,</span> <span class='ocrx_word' id='word_1_338' title='bbox 1864 3266 1883 3325; x_wconf 81' lang='lat'><strong>2</strong></span> <span class='ocrx_word' id='word_1_339' title='bbox 1912 3263 1978 3328; x_wconf 88' lang='lat' dir='ltr'>alia</span> 
     </span>
     <span class='ocr_line' id='line_1_29' title="bbox 271 3363 1977 3453; baseline -0.002 -20"><span class='ocrx_word' id='word_1_340' title='bbox 271 3367 412 3433; x_wconf 89' lang='lat' dir='ltr'>nomina.</span> <span class='ocrx_word' id='word_1_341' title='bbox 458 3367 548 3446; x_wconf 83' lang='lat' dir='ltr'>Quae</span> <span class='ocrx_word' id='word_1_342' title='bbox 581 3366 711 3451; x_wconf 91' lang='lat' dir='ltr'>quidem</span> <span class='ocrx_word' id='word_1_343' title='bbox 739 3385 834 3432; x_wconf 89' lang='lat' dir='ltr'>voces</span> <span class='ocrx_word' id='word_1_344' title='bbox 868 3387 907 3432; x_wconf 85' lang='lat' dir='ltr'>ex</span> <span class='ocrx_word' id='word_1_345' title='bbox 941 3367 1175 3449; x_wconf 88' lang='lat' dir='ltr'>antiquioribus</span> <span class='ocrx_word' id='word_1_346' title='bbox 1209 3373 1332 3432; x_wconf 92' lang='lat' dir='ltr'>tantum</span> <span class='ocrx_word' id='word_1_347' title='bbox 1362 3364 1546 3450; x_wconf 89' lang='lat' dir='ltr'>Thucydidi</span> <span class='ocrx_word' id='word_1_348' title='bbox 1580 3365 1716 3432; x_wconf 89' lang='lat' dir='ltr'>usitatae</span> <span class='ocrx_word' id='word_1_349' title='bbox 1751 3373 1833 3453; x_wconf 86' lang='lat' dir='ltr'>sunt.</span> <span class='ocrx_word' id='word_1_350' title='bbox 1881 3363 1977 3451; x_wconf 83' lang='lat' dir='ltr'>Apud</span> 
     </span>
     <span class='ocr_line' id='line_1_30' title="bbox 271 3470 1546 3555; baseline -0.003 -19"><span class='ocrx_word' id='word_1_351' title='bbox 271 3471 463 3538; x_wconf 79' lang='lat' dir='ltr'>recentiores</span> <span class='ocrx_word' id='word_1_352' title='bbox 486 3471 626 3554; x_wconf 90' lang='lat' dir='ltr'>itemque</span> <span class='ocrx_word' id='word_1_353' title='bbox 649 3471 736 3554; x_wconf 91' lang='lat' dir='ltr'>apud</span> <span class='ocrx_word' id='word_1_354' title='bbox 758 3470 1004 3555; x_wconf 86' lang='lat' dir='ltr'>Xenophontem</span> <span class='ocrx_word' id='word_1_355' title='bbox 1026 3489 1089 3535; x_wconf 92' lang='lat' dir='ltr'>non</span> <span class='ocrx_word' id='word_1_356' title='bbox 1111 3471 1269 3554; x_wconf 87' lang='lat' dir='ltr'>leguntur.</span> <span class='ocrx_word' id='word_1_357' title='bbox 1540 3539 1546 3554; x_wconf 50' lang='grc'>,</span> 
     </span>
    </p>

    <p class='ocr_par' dir='ltr' id='par_1_5' title="bbox 269 3569 1978 4068">
     <span class='ocr_line' id='line_1_31' title="bbox 357 3569 1977 3659; baseline -0.001 -19"><span class='ocrx_word' id='word_1_358' title='bbox 357 3576 428 3642; x_wconf 88' lang='lat' dir='ltr'>Huc</span> <span class='ocrx_word' id='word_1_359' title='bbox 450 3575 561 3641; x_wconf 86' lang='lat' dir='ltr'>referri</span> <span class='ocrx_word' id='word_1_360' title='bbox 587 3580 711 3659; x_wconf 92' lang='lat' dir='ltr'>oportet</span> <span class='ocrx_word' id='word_1_361' title='bbox 733 3573 995 3639; x_wconf 86' lang='lat' dir='ltr'>consuetudinem</span> <span class='ocrx_word' id='word_1_362' title='bbox 1018 3574 1126 3654; x_wconf 90' lang='lat' dir='ltr'>illam,</span> <span class='ocrx_word' id='word_1_363' title='bbox 1159 3592 1223 3656; x_wconf 89' lang='lat' dir='ltr'>qua</span> <span class='ocrx_word' id='word_1_364' title='bbox 1246 3570 1454 3656; x_wconf 87' lang='lat' dir='ltr'>Thucydides</span> <span class='ocrx_word' id='word_1_365' title='bbox 1482 3569 1650 3638; x_wconf 87' lang='lat' dir='ltr'>adieetivis</span> <span class='ocrx_word' id='word_1_366' title='bbox 1672 3579 1769 3653; x_wconf 90' lang='lat' dir='ltr'>atque</span> <span class='ocrx_word' id='word_1_367' title='bbox 1798 3571 1977 3658; x_wconf 90' lang='lat' dir='ltr'>participiis</span> 
     </span>
     <span class='ocr_line' id='line_1_32' title="bbox 272 3674 1978 3761; baseline -0.001 -18"><span class='ocrx_word' id='word_1_368' title='bbox 272 3678 415 3744; x_wconf 91' lang='lat' dir='ltr'>neutrius</span> <span class='ocrx_word' id='word_1_369' title='bbox 442 3679 571 3761; x_wconf 79' lang='lat' dir='ltr'>geneda</span> <span class='ocrx_word' id='word_1_370' title='bbox 600 3677 711 3744; x_wconf 89' lang='lat' dir='ltr'>addito</span> <span class='ocrx_word' id='word_1_371' title='bbox 734 3677 868 3744; x_wconf 88' lang='lat' dir='ltr'>articulo</span> <span class='ocrx_word' id='word_1_372' title='bbox 891 3677 1159 3742; x_wconf 83' lang='lat' dir='ltr'>substantivorum</span> <span class='ocrx_word' id='word_1_373' title='bbox 1185 3676 1249 3742; x_wconf 80' lang='lat' dir='ltr'>rim</span> <span class='ocrx_word' id='word_1_374' title='bbox 1275 3674 1390 3741; x_wconf 92' lang='lat' dir='ltr'>induit.</span> <span class='ocrx_word' id='word_1_375' title='bbox 1437 3675 1527 3752; x_wconf 84' lang='lat' dir='ltr'>Quae</span> <span class='ocrx_word' id='word_1_376' title='bbox 1551 3675 1745 3740; x_wconf 89' lang='lat' dir='ltr'>consuetudo</span> <span class='ocrx_word' id='word_1_377' title='bbox 1768 3674 1866 3740; x_wconf 90' lang='lat' dir='ltr'>etiam</span> <span class='ocrx_word' id='word_1_378' title='bbox 1890 3676 1978 3760; x_wconf 90' lang='lat' dir='ltr'>apud</span> 
     </span>
     <span class='ocr_line' id='line_1_33' title="bbox 271 3777 1977 3866; baseline -0.002 -20"><span class='ocrx_word' id='word_1_379' title='bbox 271 3781 498 3866; x_wconf 85' lang='lat' dir='ltr'>Antiphontem</span> <span class='ocrx_word' id='word_1_380' title='bbox 522 3781 715 3847; x_wconf 87' lang='lat' dir='ltr'>creberrima</span> <span class='ocrx_word' id='word_1_381' title='bbox 737 3788 788 3848; x_wconf 92' lang='lat' dir='ltr'>est</span> <span class='ocrx_word' id='word_1_382' title='bbox 812 3801 917 3864; x_wconf 90' lang='lat' dir='ltr'>neque</span> <span class='ocrx_word' id='word_1_383' title='bbox 940 3780 1135 3845; x_wconf 89' lang='lat' dir='ltr'>recentiores</span> <span class='ocrx_word' id='word_1_384' title='bbox 1157 3780 1328 3864; x_wconf 86' lang='lat' dir='ltr'>scriptores</span> <span class='ocrx_word' id='word_1_385' title='bbox 1349 3778 1429 3844; x_wconf 87' lang='lat' dir='ltr'>talia</span> <span class='ocrx_word' id='word_1_386' title='bbox 1455 3779 1623 3864; x_wconf 87' lang='lat' dir='ltr'>partieipia</span> <span class='ocrx_word' id='word_1_387' title='bbox 1646 3784 1678 3842; x_wconf 94' lang='lat' dir='ltr'>et</span> <span class='ocrx_word' id='word_1_388' title='bbox 1699 3777 1858 3843; x_wconf 89' lang='lat' dir='ltr'>adieetiva</span> <span class='ocrx_word' id='word_1_389' title='bbox 1879 3779 1977 3863; x_wconf 89' lang='lat' dir='ltr'>plane</span> 
     </span>
     <span class='ocr_line' id='line_1_34' title="bbox 269 3880 1977 3970; baseline -0.004 -18"><span class='ocrx_word' id='word_1_390' title='bbox 269 3886 437 3970; x_wconf 88' lang='lat' dir='ltr'>ignorant,</span> <span class='ocrx_word' id='word_1_391' title='bbox 468 3884 573 3949; x_wconf 89' lang='lat' dir='ltr'>minus</span> <span class='ocrx_word' id='word_1_392' title='bbox 600 3891 708 3950; x_wconf 80' lang='lat' dir='ltr'>tanmn</span> <span class='ocrx_word' id='word_1_393' title='bbox 737 3885 941 3967; x_wconf 88' lang='lat' dir='ltr'>frequentant</span> <span class='ocrx_word' id='word_1_394' title='bbox 969 3903 1066 3968; x_wconf 89' lang='lat' dir='ltr'>quam</span> <span class='ocrx_word' id='word_1_395' title='bbox 1096 3882 1305 3967; x_wconf 90' lang='lat' dir='ltr'>Thucydides</span> <span class='ocrx_word' id='word_1_396' title='bbox 1333 3887 1366 3947; x_wconf 93' lang='lat' dir='ltr'>et</span> <span class='ocrx_word' id='word_1_397' title='bbox 1387 3881 1562 3965; x_wconf 85' lang='lat' dir='ltr'>Antiphon.</span> <span class='ocrx_word' id='word_1_398' title='bbox 1609 3880 1704 3965; x_wconf 85' lang='lat' dir='ltr'>Apud</span> <span class='ocrx_word' id='word_1_399' title='bbox 1731 3881 1977 3966; x_wconf 88' lang='lat' dir='ltr'>Xenophontem</span> 
     </span>
     <span class='ocr_line' id='line_1_35' title="bbox 271 3987 865 4068; baseline -0.003 -16"><span class='ocrx_word' id='word_1_400' title='bbox 271 3988 400 4068; x_wconf 92' lang='lat' dir='ltr'>quidem</span> <span class='ocrx_word' id='word_1_401' title='bbox 424 3988 527 4053; x_wconf 89' lang='lat' dir='ltr'>rarius</span> <span class='ocrx_word' id='word_1_402' title='bbox 550 3987 602 4052; x_wconf 92' lang='lat' dir='ltr'>hic</span> <span class='ocrx_word' id='word_1_403' title='bbox 625 4007 701 4054; x_wconf 92' lang='lat' dir='ltr'>usus</span> <span class='ocrx_word' id='word_1_404' title='bbox 723 3987 865 4052; x_wconf 88' lang='lat' dir='ltr'>obvenit.</span> 
     </span>
    </p>

    <p class='ocr_par' dir='ltr' id='par_1_6' title="bbox 268 4087 1978 5005">
     <span class='ocr_line' id='line_1_36' title="bbox 357 4087 1977 4176; baseline 0.001 -24"><span class='ocrx_word' id='word_1_405' title='bbox 357 4089 504 4172; x_wconf 89' lang='lat' dir='ltr'>Denique</span> <span class='ocrx_word' id='word_1_406' title='bbox 527 4098 636 4155; x_wconf 90' lang='lat' dir='ltr'>notum</span> <span class='ocrx_word' id='word_1_407' title='bbox 659 4097 709 4157; x_wconf 93' lang='lat' dir='ltr'>est</span> <span class='ocrx_word' id='word_1_408' title='bbox 731 4089 954 4176; x_wconf 85' lang='lat' dir='ltr'>Thucydidem</span> <span class='ocrx_word' id='word_1_409' title='bbox 977 4091 1107 4156; x_wconf 90' lang='lat' dir='ltr'>nomina</span> <span class='ocrx_word' id='word_1_410' title='bbox 1129 4089 1339 4156; x_wconf 84' lang='lat' dir='ltr'>deverbativa</span> <span class='ocrx_word' id='word_1_411' title='bbox 1360 4087 1394 4153; x_wconf 91' lang='lat' dir='ltr'>iu</span> <span class='ocrx_word' id='word_1_412' title='bbox 1416 4091 1451 4165; x_wconf 80' lang='grc' dir='ltr'>ῖς</span> <span class='ocrx_word' id='word_1_413' title='bbox 1473 4093 1505 4154; x_wconf 93' lang='lat' dir='ltr'>et</span> <span class='ocrx_word' id='word_1_414' title='bbox 1527 4093 1586 4176; x_wconf 76' lang='grc' dir='ltr'><em>’της</em></span> <span class='ocrx_word' id='word_1_415' title='bbox 1609 4089 1761 4156; x_wconf 87' lang='lat' dir='ltr'>exeuntia</span> <span class='ocrx_word' id='word_1_416' title='bbox 1790 4107 1887 4171; x_wconf 88' lang='lat' dir='ltr'>saepe</span> <span class='ocrx_word' id='word_1_417' title='bbox 1918 4087 1977 4153; x_wconf 97' lang='lat' dir='ltr'>ad-</span> 
     </span>
     <span class='ocr_line' id='line_1_37' title="bbox 270 4190 1978 4277; baseline -0.001 -19"><span class='ocrx_word' id='word_1_418' title='bbox 270 4192 394 4272; x_wconf 70' lang='lat' dir='ltr'>hibere,</span> <span class='ocrx_word' id='word_1_419' title='bbox 439 4194 467 4258; x_wconf 87' lang='lat' dir='ltr'><strong>A</strong></span> <span class='ocrx_word' id='word_1_420' title='bbox 495 4212 629 4277; x_wconf 89' lang='lat' dir='ltr'>quorum</span> <span class='ocrx_word' id='word_1_421' title='bbox 651 4195 813 4260; x_wconf 91' lang='lat' dir='ltr'>nominum</span> <span class='ocrx_word' id='word_1_422' title='bbox 837 4194 948 4260; x_wconf 88' lang='lat' dir='ltr'>crebro</span> <span class='ocrx_word' id='word_1_423' title='bbox 972 4213 1031 4258; x_wconf 91' lang='lat' dir='ltr'>usn</span> <span class='ocrx_word' id='word_1_424' title='bbox 1054 4195 1150 4276; x_wconf 91' lang='lat' dir='ltr'>longe</span> <span class='ocrx_word' id='word_1_425' title='bbox 1172 4193 1325 4272; x_wconf 89' lang='lat' dir='ltr'>recedunt</span> <span class='ocrx_word' id='word_1_426' title='bbox 1348 4193 1550 4276; x_wconf 87' lang='lat' dir='ltr'>posteriores,</span> <span class='ocrx_word' id='word_1_427' title='bbox 1577 4194 1680 4272; x_wconf 91' lang='lat' dir='ltr'>Plato,</span> <span class='ocrx_word' id='word_1_428' title='bbox 1705 4191 1873 4272; x_wconf 89' lang='lat' dir='ltr'>Isocrates,</span> <span class='ocrx_word' id='word_1_429' title='bbox 1900 4190 1978 4257; x_wconf 91' lang='lat' dir='ltr'>reli-</span> 
     </span>
     <span class='ocr_line' id='line_1_38' title="bbox 270 4294 1977 4383; baseline -0.001 -21"><span class='ocrx_word' id='word_1_430' title='bbox 270 4295 335 4381; x_wconf 90' lang='lat' dir='ltr'>qui,</span> <span class='ocrx_word' id='word_1_431' title='bbox 361 4295 481 4361; x_wconf 91' lang='lat' dir='ltr'>recedit</span> <span class='ocrx_word' id='word_1_432' title='bbox 503 4296 600 4361; x_wconf 90' lang='lat' dir='ltr'>etiam</span> <span class='ocrx_word' id='word_1_433' title='bbox 620 4296 811 4381; x_wconf 90' lang='lat' dir='ltr'>Xenophon.</span> <span class='ocrx_word' id='word_1_434' title='bbox 847 4299 928 4363; x_wconf 86' lang='lat' dir='ltr'>Sunt</span> <span class='ocrx_word' id='word_1_435' title='bbox 949 4297 1079 4380; x_wconf 91' lang='lat' dir='ltr'>quidem</span> <span class='ocrx_word' id='word_1_436' title='bbox 1102 4296 1170 4362; x_wconf 87' lang='lat' dir='ltr'>eius</span> <span class='ocrx_word' id='word_1_437' title='bbox 1192 4297 1320 4380; x_wconf 79' lang='lat' dir='ltr'>geneda</span> <span class='ocrx_word' id='word_1_438' title='bbox 1343 4296 1483 4376; x_wconf 85' lang='lat' dir='ltr'>nomina,</span> <span class='ocrx_word' id='word_1_439' title='bbox 1510 4317 1591 4380; x_wconf 91' lang='lat' dir='ltr'>quae</span> <span class='ocrx_word' id='word_1_440' title='bbox 1614 4297 1733 4383; x_wconf 82' lang='lat' dir='ltr'>passim</span> <span class='ocrx_word' id='word_1_441' title='bbox 1758 4299 1867 4360; x_wconf 88' lang='lat' dir='ltr'>extent</span> <span class='ocrx_word' id='word_1_442' title='bbox 1889 4294 1977 4380; x_wconf 90' lang='lat' dir='ltr'>apud</span> 
     </span>
     <span class='ocr_line' id='line_1_39' title="bbox 268 4397 1977 4485; baseline -0.001 -19"><span class='ocrx_word' id='word_1_443' title='bbox 268 4401 353 4480; x_wconf 89' lang='lat' dir='ltr'>illos,</span> <span class='ocrx_word' id='word_1_444' title='bbox 387 4397 444 4464; x_wconf 91' lang='lat' dir='ltr'>sed</span> <span class='ocrx_word' id='word_1_445' title='bbox 467 4399 562 4482; x_wconf 89' lang='lat' dir='ltr'>longe</span> <span class='ocrx_word' id='word_1_446' title='bbox 584 4399 757 4465; x_wconf 84' lang='lat' dir='ltr'>maximam</span> <span class='ocrx_word' id='word_1_447' title='bbox 781 4407 904 4484; x_wconf 91' lang='lat' dir='ltr'>partem</span> <span class='ocrx_word' id='word_1_448' title='bbox 927 4406 1091 4485; x_wconf 91' lang='lat' dir='ltr'>spernunt.</span> <span class='ocrx_word' id='word_1_449' title='bbox 1137 4401 1232 4465; x_wconf 86' lang='lat' dir='ltr'>Iuvat</span> <span class='ocrx_word' id='word_1_450' title='bbox 1254 4401 1306 4465; x_wconf 90' lang='lat' dir='ltr'>hie</span> <span class='ocrx_word' id='word_1_451' title='bbox 1328 4419 1532 4480; x_wconf 86' lang='lat' dir='ltr'>enumerare,</span> <span class='ocrx_word' id='word_1_452' title='bbox 1559 4421 1641 4483; x_wconf 89' lang='lat' dir='ltr'>qnae</span> <span class='ocrx_word' id='word_1_453' title='bbox 1663 4399 1795 4464; x_wconf 92' lang='lat' dir='ltr'>nomina</span> <span class='ocrx_word' id='word_1_454' title='bbox 1818 4398 1977 4464; x_wconf 82' lang='lat' dir='ltr'>deverha·</span> 
     </span>
     <span class='ocr_line' id='line_1_40' title="bbox 268 4501 1976 4589; baseline 0 -20"><span class='ocrx_word' id='word_1_455' title='bbox 268 4505 336 4570; x_wconf 86' lang='lat' dir='ltr'>tiva</span> <span class='ocrx_word' id='word_1_456' title='bbox 358 4503 390 4568; x_wconf 90' lang='lat' dir='ltr'>iu</span> <span class='ocrx_word' id='word_1_457' title='bbox 414 4507 447 4579; x_wconf 78' lang='grc' dir='ltr'>ῖς</span> <span class='ocrx_word' id='word_1_458' title='bbox 470 4502 653 4568; x_wconf 89' lang='lat' dir='ltr'>desinentia</span> <span class='ocrx_word' id='word_1_459' title='bbox 678 4501 765 4587; x_wconf 93' lang='lat' dir='ltr'>apud</span> <span class='ocrx_word' id='word_1_460' title='bbox 787 4502 1009 4587; x_wconf 90' lang='lat' dir='ltr'>Thucydidem</span> <span class='ocrx_word' id='word_1_461' title='bbox 1038 4509 1165 4584; x_wconf 78' lang='lat' dir='ltr'>extant,</span> <span class='ocrx_word' id='word_1_462' title='bbox 1198 4502 1287 4586; x_wconf 89' lang='lat' dir='ltr'>apud</span> <span class='ocrx_word' id='word_1_463' title='bbox 1310 4503 1557 4589; x_wconf 90' lang='lat' dir='ltr'>Xenophontem</span> <span class='ocrx_word' id='word_1_464' title='bbox 1585 4525 1646 4569; x_wconf 93' lang='lat' dir='ltr'>non</span> <span class='ocrx_word' id='word_1_465' title='bbox 1676 4503 1838 4585; x_wconf 87' lang='lat' dir='ltr'>leguntur.</span> <span class='ocrx_word' id='word_1_466' title='bbox 1887 4503 1976 4580; x_wconf 89' lang='lat' dir='ltr'>Quae</span> 
     </span>
     <span class='ocr_line' id='line_1_41' title="bbox 269 4599 1977 4692; baseline -0.002 -20"><span class='ocrx_word' id='word_1_467' title='bbox 269 4607 400 4672; x_wconf 91' lang='lat' dir='ltr'>nomina</span> <span class='ocrx_word' id='word_1_468' title='bbox 428 4627 469 4672; x_wconf 93' lang='lat' dir='ltr'>ne</span> <span class='ocrx_word' id='word_1_469' title='bbox 498 4606 629 4690; x_wconf 89' lang='lat' dir='ltr'>reliquis</span> <span class='ocrx_word' id='word_1_470' title='bbox 651 4605 779 4689; x_wconf 89' lang='lat' dir='ltr'>quidem</span> <span class='ocrx_word' id='word_1_471' title='bbox 809 4606 927 4672; x_wconf 90' lang='lat' dir='ltr'>aetatis</span> <span class='ocrx_word' id='word_1_472' title='bbox 949 4607 1202 4691; x_wconf 90' lang='lat' dir='ltr'>Xenophonteae</span> <span class='ocrx_word' id='word_1_473' title='bbox 1226 4606 1432 4691; x_wconf 87' lang='lat' dir='ltr'>scriptoribus</span> <span class='ocrx_word' id='word_1_474' title='bbox 1463 4608 1666 4692; x_wconf 82' lang='lat' dir='ltr'>frequentata</span> <span class='ocrx_word' id='word_1_475' title='bbox 1688 4611 1772 4672; x_wconf 91' lang='lat' dir='ltr'>sunt.</span> <span class='ocrx_word' id='word_1_476' title='bbox 1819 4605 1867 4670; x_wconf 89' lang='lat' dir='ltr'>Ac</span> <span class='ocrx_word' id='word_1_477' title='bbox 1891 4599 1977 4689; x_wconf 79' lang='grc' dir='ltr'><em>ἀγώ-</em></span> 
     </span>
     <span class='ocr_line' id='line_1_42' title="bbox 269 4703 1973 4796; baseline -0.001 -24"><span class='ocrx_word' id='word_1_478' title='bbox 269 4729 356 4784; x_wconf 89' lang='grc' dir='ltr'><em>νισις</em></span> <span class='ocrx_word' id='word_1_479' title='bbox 388 4709 517 4792; x_wconf 91' lang='lat' dir='ltr'>quidem</span> <span class='ocrx_word' id='word_1_480' title='bbox 549 4709 636 4794; x_wconf 89' lang='lat' dir='ltr'>apud</span> <span class='ocrx_word' id='word_1_481' title='bbox 666 4709 890 4796; x_wconf 86' lang='lat' dir='ltr'>Thucydidem</span> <span class='ocrx_word' id='word_1_482' title='bbox 920 4715 969 4776; x_wconf 89' lang='lat' dir='ltr'>est</span> <span class='ocrx_word' id='word_1_483' title='bbox 998 4710 1013 4772; x_wconf 95' lang='grc' dir='ltr'>Ι</span> <span class='ocrx_word' id='word_1_484' title='bbox 1043 4713 1093 4792; x_wconf 87' lang='grc'>36,</span> <span class='ocrx_word' id='word_1_485' title='bbox 1122 4717 1156 4790; x_wconf 87' lang='grc'>4;</span> <span class='ocrx_word' id='word_1_486' title='bbox 1193 4703 1352 4796; x_wconf 60' lang='lat' dir='ltr'>deposcas</span> <span class='ocrx_word' id='word_1_487' title='bbox 1382 4710 1426 4776; x_wconf 88' lang='lat' dir='ltr'>VI</span> <span class='ocrx_word' id='word_1_488' title='bbox 1456 4715 1507 4793; x_wconf 78' lang='lat'>26,</span> <span class='ocrx_word' id='word_1_489' title='bbox 1535 4713 1569 4788; x_wconf 78' lang='lat'>23</span> <span class='ocrx_word' id='word_1_490' title='bbox 1606 4703 1768 4795; x_wconf 81' lang='grc' dir='ltr'>ἀκρόασις</span> <span class='ocrx_word' id='word_1_491' title='bbox 1797 4709 1828 4773; x_wconf 96' lang='lat' dir='ltr'>II</span> <span class='ocrx_word' id='word_1_492' title='bbox 1858 4711 1909 4788; x_wconf 86' lang='lat'>37,</span> <span class='ocrx_word' id='word_1_493' title='bbox 1937 4710 1973 4787; x_wconf 79' lang='lat'>33</span> 
     </span>
     <span class='ocr_line' id='line_1_43' title="bbox 270 4801 1977 4902; baseline 0.002 -30"><span class='ocrx_word' id='word_1_494' title='bbox 270 4801 490 4896; x_wconf 80' lang='grc' dir='ltr'>ἀλλοτρίωσις</span> <span class='ocrx_word' id='word_1_495' title='bbox 512 4812 528 4878; x_wconf 94' lang='lat' dir='ltr'>I</span> <span class='ocrx_word' id='word_1_496' title='bbox 551 4817 601 4891; x_wconf 87' lang='grc'>35,</span> <span class='ocrx_word' id='word_1_497' title='bbox 630 4819 665 4891; x_wconf 74' lang='lat' dir='ltr'>l,</span> <span class='ocrx_word' id='word_1_498' title='bbox 705 4807 875 4902; x_wconf 77' lang='grc' dir='ltr'>ἀνάληψις</span> <span class='ocrx_word' id='word_1_499' title='bbox 903 4815 929 4880; x_wconf 92' lang='lat' dir='ltr'>V</span> <span class='ocrx_word' id='word_1_500' title='bbox 955 4817 1010 4893; x_wconf 83' lang='lat'>65,</span> <span class='ocrx_word' id='word_1_501' title='bbox 1039 4817 1075 4894; x_wconf 77' lang='lat'>23</span> <span class='ocrx_word' id='word_1_502' title='bbox 1114 4807 1506 4894; x_wconf 61' lang='lat' dir='ltr'>decoramentum</span> <span class='ocrx_word' id='word_1_503' title='bbox 1543 4813 1576 4876; x_wconf 96' lang='grc' dir='ltr'>ΙΙ</span> <span class='ocrx_word' id='word_1_504' title='bbox 1602 4816 1656 4895; x_wconf 92' lang='grc'>14,</span> <span class='ocrx_word' id='word_1_505' title='bbox 1690 4817 1724 4894; x_wconf 85' lang='grc'>1;</span> <span class='ocrx_word' id='word_1_506' title='bbox 1767 4807 1977 4898; x_wconf 82' lang='grc' dir='ltr'><em>ἀναχάρησις</em></span> 
     </span>
     <span class='ocr_line' id='line_1_44' title="bbox 269 4907 1976 5005; baseline 0.002 -28"><span class='ocrx_word' id='word_1_507' title='bbox 269 4914 285 4977; x_wconf 95' lang='grc' dir='ltr'>Ι</span> <span class='ocrx_word' id='word_1_508' title='bbox 308 4915 362 4993; x_wconf 84' lang='grc'>96,</span> <span class='ocrx_word' id='word_1_509' title='bbox 388 4915 425 4993; x_wconf 80' lang='grc'>2;</span> <span class='ocrx_word' id='word_1_510' title='bbox 453 4909 579 4996; x_wconf 87' lang='grc' dir='ltr'><em>ἀνοιξις</em></span> <span class='ocrx_word' id='word_1_511' title='bbox 602 4917 647 4982; x_wconf 93' lang='grc' dir='ltr'><em>Ν</em></span> <span class='ocrx_word' id='word_1_512' title='bbox 671 4920 722 4998; x_wconf 93' lang='grc'>67,</span> <span class='ocrx_word' id='word_1_513' title='bbox 749 4922 785 4996; x_wconf 87' lang='grc'>3;</span> <span class='ocrx_word' id='word_1_514' title='bbox 813 4911 1056 5004; x_wconf 81' lang='grc' dir='ltr'><em>ἀντιξόρμησις</em></span> <span class='ocrx_word' id='word_1_515' title='bbox 1078 4917 1111 4983; x_wconf 92' lang='lat' dir='ltr'>II</span> <span class='ocrx_word' id='word_1_516' title='bbox 1133 4921 1186 5000; x_wconf 84' lang='lat'>91,</span> <span class='ocrx_word' id='word_1_517' title='bbox 1214 4921 1249 5000; x_wconf 88' lang='lat'>3;</span> <span class='ocrx_word' id='word_1_518' title='bbox 1278 4912 1458 5005; x_wconf 74' lang='grc' dir='ltr'><em>ἀντίληψις</em></span> <span class='ocrx_word' id='word_1_519' title='bbox 1480 4914 1496 4981; x_wconf 93' lang='grc' dir='ltr'>Ι</span> <span class='ocrx_word' id='word_1_520' title='bbox 1522 4919 1594 4998; x_wconf 80' lang='grc'>126,</span> <span class='ocrx_word' id='word_1_521' title='bbox 1623 4920 1657 4998; x_wconf 80' lang='lat'>2;</span> <span class='ocrx_word' id='word_1_522' title='bbox 1684 4917 1716 4981; x_wconf 97' lang='lat' dir='ltr'>II</span> <span class='ocrx_word' id='word_1_523' title='bbox 1739 4919 1791 4998; x_wconf 86' lang='grc'>49,</span> <span class='ocrx_word' id='word_1_524' title='bbox 1818 4920 1855 4992; x_wconf 87' lang='grc'>5;</span> <span class='ocrx_word' id='word_1_525' title='bbox 1883 4907 1976 4980; x_wconf 81' lang='grc' dir='ltr'><em>ἀντι-</em></span> 
     </span>
    </p>

    <p class='ocr_par' dir='ltr' id='par_1_7' title="bbox 1739 5035 1770 5086">
     <span class='ocr_line' id='line_1_45' title="bbox 1739 5035 1770 5086; baseline 0 -19"><span class='ocrx_word' id='word_1_526' title='bbox 1739 5035 1770 5086; x_wconf 64' lang='grc'>11</span> 
     </span>
    </p>
   </div>
   <div class='ocr_carea' id='block_1_3' title="bbox 0 0 2344 5748">
    <p class='ocr_par' dir='ltr' id='par_1_8' title="bbox 0 0 2344 5748">
     <span class='ocr_line' id='line_1_46' title="bbox 0 0 2344 5748; baseline 0 1"><span class='ocrx_word' id='word_1_527' title='bbox 0 0 2344 5748; x_wconf 95' lang='lat' dir='ltr'> </span> 
     </span>
    </p>
   </div>
  </div>
 </body>
</html>
