4678 5748
1198 397 1234 456 12

364 585 396 649 Il
420 587 449 664 6,
477 589 496 647 4
521 585 577 650 καὶ
600 585 732 667 θέλων..
772 584 855 662 Quin
879 584 974 650 etiam
997 583 1043 664 iit,
1074 589 1110 649 ut
1131 602 1193 648 uno
1215 583 1393 664 eodemque
1416 583 1486 647 loco
1508 583 1613 648 bonae
1635 589 1729 648 uotae
1752 582 1843 648 codd.
1870 581 1926 648 alii
1949 582 2068 647 formas

365 687 534 764 ιθέλειν,
568 687 625 752 alii
653 686 693 750 ab
725 685 858 752 ἐθέλειν
887 686 1050 752 derivatas
1080 685 1270 766 exhibeant,
1304 686 1350 750 ita
1378 691 1413 750 ut
1441 705 1614 751 caveamus
1636 703 1769 752 necesse
1792 685 1849 766 sit,
1883 705 1924 752 ue
1947 685 2067 769 passim

366 789 501 855 ἐθέλειν
522 790 726 856 restituamus
749 789 924 876 praecipue
945 789 979 854 iu
1001 789 1156 868 formulis,
1183 808 1267 872 quae
1291 789 1463 855 sollemnes
1485 788 1636 855 videntur
1657 807 1740 868 esse,
1766 789 1867 854 veluti
1885 785 1990 854 Anah.
2009 787 2069 852 VH

366 896 397 973 3,
423 895 482 972 313
509 893 569 957 VII
594 895 622 972 3,
650 897 703 956 43.

452 996 521 1062 Νει
544 995 649 1062 minus
672 1017 692 1060 a
714 995 914 1080 Thucydidis
937 1001 1033 1078 quam
1057 994 1190 1059 aliorum
1214 994 1401 1078 antiquioris
1416 995 1542 1060 Atticae
1566 994 1697 1060 dialecti
1719 996 1906 1080 scriptorum
1929 1013 1989 1060 usu
2012 995 2070 1059 ab·

365 1100 493 1165 horrere
520 1099 645 1164 videtur
669 1100 827 1185 scriptura
856 1097 905 1176 εἰς
933 1118 991 1183 pro
1022 1094 1067 1174 ἐς.
1114 1098 1212 1162 Extat
1239 1098 1368 1180 quidem
1397 1099 1430 1164 iu
1452 1098 1653 1182 Thucydidis
1682 1098 1775 1164 codd.
1800 1099 1992 1182 quibusdam
2021 1100 2070 1177 εἰς

365 1201 551 1285 aliquoties,
586 1202 641 1267 ubi
667 1223 725 1288 per
746 1223 781 1268 se
803 1202 940 1286 positum
963 1209 1013 1267 est
1033 1219 1138 1286 neque
1161 1221 1232 1267 cum
1255 1202 1362 1267 verbis
1384 1209 1440 1266 aut
1462 1201 1643 1268 nominibus
1669 1203 1871 1268 coniunctum
1894 1204 2070 1290 composita

366 1305 475 1388 efficit,
509 1312 544 1371 ut
566 1306 582 1370 I
608 1309 636 1387 1,
665 1309 678 1369 l
710 1299 917 1388 ἀκμάζοντές
939 1327 974 1369 ιε
996 1293 1083 1389 ᾖσιν
1104 1303 1153 1381 εἰς
1176 1297 1280 1370 αὐτόν
1303 1298 1493 1391 ἀμφότεροι
1519 1303 1598 1386 (cod.
1625 1304 1777 1388 Caesel).
1828 1305 1860 1371 Π
1882 1309 1934 1389 43,
1964 1311 1976 1370 1
2009 1304 2070 1392 τὴν

366 1407 414 1484 εις
437 1406 515 1484 τοὺς
538 1409 723 1491 πολεμίους
746 1405 901 1474 διάνοιαν
928 1405 1061 1490 (Caesel.
1086 1408 1200 1492 Aug).
1233 1409 1282 1473 111
1303 1415 1334 1490 4,
1355 1413 1373 1471 5
1397 1409 1454 1473 καὶ
1477 1405 1525 1483 εἰς
1547 1403 1607 1493 τὴν
1628 1407 1874 1490 Λακεδαίμονα
1903 1410 2065 1492 (Caesel).

366 1512 428 1576 VH
450 1515 489 1576 28
514 1501 624 1598 ἦλθον
646 1509 695 1588 εἰς
718 1512 874 1577 Σικελίαν
900 1511 1035 1596 (Oassel.
1056 1511 1139 1596 Aug.
1166 1513 1277 1595 Regi.
1324 1511 1390 1577 Sed
1412 1511 1602 1596 optimorum
1626 1510 1720 1576 codd.
1746 1531 1903 1579 consensu
1924 1499 2070 1579 ibiscon-

364 1614 508 1682 firmatur
531 1613 575 1692 ἐς.
622 1614 691 1680 Ιιιι
715 1635 755 1680 ea
778 1615 818 1680 de
842 1633 939 1680 causa
961 1635 1024 1680 uon
1046 1621 1110 1694 est,
1144 1634 1200 1680 cur
1221 1614 1444 1698 Thucydidem
1468 1613 1738 1699 praepositionem
1761 1616 1851 1681 illam
1874 1616 1982 1682 deleto
2004 1618 2070 1682 iota

339 1714 493 1803 'semper
522 1718 564 1783 ad
590 1717 727 1784 eandem
755 1718 889 1784 formam
922 1715 956 1794 ἐς
984 1717 1153 1802 scripsisse
1182 1737 1348 1800 negemus.
1396 1716 1461 1783 Sed
1491 1716 1661 1782 edocemur
1682 1718 1779 1783 etiam
1808 1719 2069 1805 inscriptionibus

366 1827 447 1914 antq
463 1821 630 1886 Euclidem
653 1822 838 1887 anebontem
860 1821 951 1886 illam
982 1821 1249 1906 praepositionem
1280 1839 1407 1906 semper
1435 1818 1469 1896 ἐς
1495 1820 1629 1920 incisam
1653 1839 1736 1885 esse.
1783 1821 1875 1899 Quod
1899 1829 2005 1888 autem
2029 1822 2069 1886 de

368 1943 516 1990 saxorum
540 1924 754 1989 inconstantia
774 1924 815 1989 Η.
842 1924 997 2008 Stephani
1020 1924 1207 1990 Thesaurus
1229 1923 1371 2006 adnotat,
1396 1923 1489 1989 nihili
1511 1930 1571 1988 est.
1612 1923 1776 1988 Habemus
1799 1924 1928 2005 quidem
1950 1925 1982 1989 in
2005 1943 2070 1989 una

365 2027 543 2110 eademque
573 2025 780 2110 inscriptione
809 2026 915 2092 Attica
942 2026 1023 2092 satis
1051 2028 1198 2110 antiqua,
1230 2047 1335 2111 neque
1364 2033 1471 2092 tamen
1499 2033 1574 2091 ante
1600 2025 1745 2090 Euclidis
1773 2047 1892 2092 anuum
1921 2028 2070 2114 ponenda

368 2152 422 2215 ap.
448 2130 591 2196 Bceckh.
616 2129 679 2194 vol.
705 2129 721 2193 I
749 2151 780 2214 p.
810 2133 871 2194 126
894 2138 927 2196 ιι
950 2135 1003 2194 ΕΣ
1025 2137 1057 2196 ιι
1079 2131 1294 2195 ΕΙΣΦΟΡΑ.
1343 2129 1406 2196 Sed
1436 2149 1492 2214 pro
1521 2135 1606 2194 certo
1630 2129 1749 2196 habere
1771 2131 1940 2215 possumus
1962 2130 1997 2195 id
2019 2151 2070 2198 er-

366 2235 430 2301 rori
453 2233 621 2318 sculptoris
644 2233 868 2318 imputandum
892 2253 980 2316 esse,
1013 2233 1068 2316 qui
1090 2232 1281 2298 incuriosius
1302 2232 1385 2298 illud
1406 2232 1472 2298 iota
1494 2233 1616 2313 omisit,
1649 2253 1724 2298 nam
1748 2253 1845 2318 saepe
1867 2241 2071 2302 monumenta

366 2339 400 2402 in
429 2336 540 2420 lapide
569 2336 673 2402 incisa
703 2335 841 2419 singuiis
869 2336 972 2401 literis
1000 2341 1105 2419 egent.
1161 2336 1317 2419 Reliquae
1347 2333 1415 2401 iere
1443 2354 1555 2402 omues
1583 2336 1824 2419 inscriptiones,
1862 2345 1897 2402 ut
1925 2357 2070 2421 quaeque

368 2459 451 2506 anno
467 2439 611 2505 Euclidis
634 2439 797 2505 antecedit
818 2439 870 2504 vel
886 2459 948 2504 non
973 2437 1144 2520 antecedit,
1170 2437 1264 2503 modo
1285 2438 1320 2502 in
1343 2433 1377 2512 ἐς
1399 2438 1494 2503 modo
1508 2439 1542 2502 in
1565 2437 1614 2514 εις
1636 2439 1830 2524 conspirant.
1869 2440 1975 2504 NImis
1995 2459 2070 2504 vero

367 2549 480 2626 argute
503 2543 614 2628 Pcppo
643 2544 666 2606 l.
692 2563 719 2608 c.
745 2541 943 2624 excogitavit
970 2548 1043 2626 post
1064 2541 1223 2606 vocabula
1251 2541 1285 2605 in
1308 2547 1342 2617 εξ
1364 2539 1545 2607 desinentia
1569 2539 1617 2617 εἰς
1643 2561 1706 2606 ιιι
1734 2542 1831 2628 plane
1854 2543 2070 2627 spernendum

366 2646 506 2729 itemque
535 2647 635 2712 verba
662 2666 721 2730 per
750 2643 844 2722 ἐπεις
872 2683 915 2692 -
939 2644 1115 2730 composita
1145 2643 1337 2729 excipienda
1366 2663 1439 2709 esse
1467 2645 1507 2710 cb
1536 2663 1649 2710 sonum
1678 2665 1792 2729 parurn
1821 2665 1963 2711 suavem.
2011 2646 2071 2710 Vel

368 2755 545 2833 exaggerat
558 2750 719 2834 exempla,
745 2749 811 2830 ubi,
838 2769 909 2814 curn
932 2748 1054 2814 vocalis
1076 2747 1185 2812 brevis
1202 2753 1362 2830 sequatur,
1389 2745 1437 2823 εἰς
1459 2747 1634 2814 retineatur
1654 2749 1806 2814 inlibris.
1846 2749 1910 2815 Sed
1933 2747 2072 2815 auctori-

366 2860 433 2919 tate
449 2852 619 2919 Casselani
641 2858 674 2918 et
688 2853 870 2936 Augustani
892 2851 971 2917 fisus
993 2857 1052 2930 est,
1079 2869 1169 2932 quos,
1196 2850 1242 2916 uti
1263 2849 1343 2933 dixi,
1368 2851 1505 2934 optimos
1528 2871 1601 2916 esse
1623 2851 1721 2917 libros
1736 2851 1918 2919 arbitratur.
1955 2851 2073 2917 Nostra

367 2963 473 3022 autem
502 2955 657 3022 memoria
685 2956 768 3021 inter
793 2955 880 3019 viros
910 2952 1019 3019 doctos
1047 2959 1173 3018 constat
1200 2951 1336 3038 optimos
1365 2971 1438 3018 esse
1468 2953 1668 3037 Cisalpinam
1700 2961 1732 3020 et
1753 2955 1952 3020 Vaticanum.
2001 2955 2072 3020 Illis

366 3059 465 3141 igitur
494 3059 592 3138 locis,
626 3056 681 3123 ubi
709 3078 780 3124 curn
803 3058 953 3142 Poppone
982 3057 1079 3122 etiarn
1102 3057 1137 3122 C.
1164 3055 1216 3119 W.
1242 3057 1388 3139 Kmeger
1417 3053 1466 3131 εἰς
1493 3056 1609 3122 retinet
1636 3057 1685 3121 III
1708 3061 1759 3138 53,
1787 3063 1806 3119 4
1838 3053 2073 3140 ἐπεισενενκά-

367 3185 472 3244 μενοι.
514 3161 592 3226 VIII
616 3163 667 3242 35,
695 3163 713 3224 3
738 3157 1020 3225 ἐπεισελθόντων.
1062 3160 1139 3224 VIII
1162 3161 1213 3239 92,
1243 3164 1256 3220 1
1292 3155 1516 3245 ἐπεισαγωγή.
1556 3161 1587 3224 Π
1611 3162 1650 3224 38
1679 3158 1911 3245 ἐπεισέρχεται
1933 3159 2072 3245 optimus

367 3265 565 3349 Cisalpimus
594 3265 772 3348 reliquique
803 3265 907 3330 bonae
936 3269 1030 3328 notae
1054 3261 1148 3328 codd.
1175 3267 1209 3338 ἐξ
1237 3269 1376 3328 servant.
1424 3263 1471 3329 Αι
1498 3263 1634 3346 primum
1657 3264 1785 3346 quidem
1808 3263 2001 3330 monendum
2025 3267 2074 3328 est

368 3367 509 3434 Graecos
539 3368 686 3453 inprimis
716 3367 904 3450 antiquioris
932 3365 1049 3432 aetatis
1072 3365 1244 3449 scriptores
1267 3367 1495 3450 cacophoniam
1523 3367 1619 3432 anxie
1650 3368 1778 3432 omnino
1799 3387 1861 3431 non
1886 3366 2069 3432 esitavisse.

368 3472 538 3556 Reponitur
566 3471 650 3536 enim
680 3492 733 3556 ap.
759 3472 862 3538 Thus.
888 3471 932 3536 IV
955 3473 1007 3552 94,
1034 3474 1053 3532 4
1084 3463 1336 3534 (ἐπετετέλεστο.
1383 3469 1455 3550 VH,
1482 3472 1534 3548 37,
1562 3473 1580 3532 2
1611 3467 1826 3548 ἐπεξέπλειν.
1874 3470 1951 3534 VIII
1974 3471 2025 3550 96,
2053 3471 2072 3531 2

369 3573 598 3660 ἐπεγενένηνι.
646 3573 714 3639 Νει
735 3574 881 3658 intellegi
903 3579 1023 3658 potest,
1050 3593 1106 3638 cur
1127 3573 1208 3638 haec
1231 3571 1395 3656 scripserit
1415 3571 1633 3656 Thucydides,
1661 3573 1725 3638 ali0
1748 3579 1852 3638 autern
1877 3574 1947 3637 loco
1972 3571 2074 3636 ἐπεσ-

369 3677 492 3742 ἐπλεαν
515 3676 693 3742 evitaverit.
740 3676 811 3754 Ωιι
840 3676 880 3742 de
909 3695 1008 3742 causa
1035 3675 1172 3757 suadeo,
1205 3680 1241 3739 ut
1269 3694 1327 3759 per
1355 3675 1540 3740 uuiversum
1562 3675 1783 3759 Thucydidem
1812 3673 1846 3751 ἐς
1873 3676 2070 3740 restituatur.

368 3781 461 3845 Hanc
484 3779 568 3844 enIm
590 3779 724 3844 formam
748 3779 936 3861 antiquioris
959 3779 1084 3844 Atticae
1114 3777 1244 3842 dialecti
1274 3779 1433 3863 propriam
1465 3777 1564 3842 luisse
1593 3777 1690 3842 etiam
1714 3798 1732 3843 ε
1755 3779 1850 3843 certis
1880 3777 2072 3860 quibusdam

368 3882 584 3948 locutionibus
606 3889 756 3967 apparet,
784 3902 864 3967 quaa
888 3903 928 3948 ex
950 3882 1054 3966 priore
1076 3888 1219 3967 tempore
1242 3899 1390 3946 servasse
1411 3881 1534 3947 Atticos
1557 3881 1742 3966 posterioris
1765 3880 1880 3946 aetatis
1903 3880 2073 3946 Helladius

368 3987 475 4072 prodit
503 3986 596 4050 Phot.
622 3985 692 4050 cod.
719 3989 780 4048 279
804 4007 835 4069 p.
863 3987 942 4062 525,
970 3989 988 4048 2
1021 3984 1052 4048 oi
1080 3982 1224 4050 Ὰττικιλ
1258 3981 1344 4047 κατά
1377 4007 1411 4046 τι
1444 3980 1590 4070 πάτριον
1618 3983 1702 4060 ἔθος
1736 3977 1776 4048 οὐ
1802 3989 1949 4068 χρῶνται
1977 3990 2016 4067 τῇ
2044 3987 2073 4048 εἶ

369 4085 550 4176 διφθόγγῳ
574 4085 611 4152 ἐν
634 4094 679 4171 τῷ
702 4089 811 4172 λέγειν
841 4085 875 4164 ἐς
898 4083 1086 4173 κόρακαςῆ
1116 4085 1149 4162 ἐς
1177 4090 1358 4171 μακαρίαν,
1397 4081 1473 4151 ἀλλ’
1499 4082 1579 4151 ἄνευ
1607 4093 1667 4152 cod
1697 4083 1855 4172 διχρόνσι
1882 4084 2073 4172 ἐκφωνιῦσι

369 4189 430 4278 τὴν
453 4189 639 4277 πρόθεσιν·
667 4189 725 4254 ἐπὶ
748 4189 784 4254 di
807 4197 872 4255 τῶν
895 4185 1007 4255 ἄλλων
1029 4183 1193 4254 ἁπάντων
1216 4191 1272 4254 καὶ
1287 4187 1371 4272 μετὰ
1387 4197 1446 4254 τοῦ
1461 4186 1620 4275 διχρόνιι
1642 4191 1699 4254 καὶ
1721 4191 1824 4276 χωρὶς
1839 4196 1899 4254 coir
1915 4188 2073 4275 διχρόνιι

369 4291 430 4380 τὴν
452 4292 624 4378 πρόθεσιν
646 4294 811 4377 λέγουσιν.
860 4293 1005 4360 Comicos
1027 4300 1103 4358 ante
1125 4295 1269 4360 vocalem
1300 4293 1461 4359 abstinere
1483 4314 1504 4356 a
1524 4292 1628 4357 forma
1651 4289 1684 4368 ἐς
1707 4300 1740 4358 ιι
1761 4291 1809 4368 εἰς
1832 4293 1971 4359 scribere
1994 4295 2073 4358 Por-

369 4417 467 4463 sonus
497 4398 600 4483 praei.
626 4396 668 4460 ad
689 4396 800 4480 Eurip.
825 4397 905 4462 Hec.
931 4419 963 4480 p.
989 4397 1063 4462 LIII
1091 4397 1334 4475 animadvertit,
1369 4402 1418 4460 cul
1448 4394 1575 4460 addidit
1600 4395 1641 4460 G.
1666 4395 1814 4461 Dindori.
1840 4395 1882 4460 ad
1904 4395 2069 4481 Aristoph.

367 4499 449 4567 Ach.
476 4504 538 4563 242
567 4521 608 4566 ιι
638 4499 778 4583 tragicos
807 4501 938 4583 quidem
967 4501 1031 4566 nisi
1059 4505 1159 4565 metro
1189 4505 1324 4581 cogente
1351 4499 1505 4565 adhibere
1527 4497 1660 4564 formam
1686 4495 1728 4578 ἐς,
1762 4505 1837 4564 ante
1860 4505 2073 4566 consonantes

368 4611 519 4686 utrosque
542 4603 644 4668 iorma
667 4601 701 4680 ἐς
723 4603 779 4668 uti.

456 4706 678 4791 Xenophontis
703 4707 775 4771 libri
798 4703 942 4790 plerique
965 4705 998 4768 in
1022 4705 1179 4790 scriptura
1202 4704 1251 4781 εἰς
1273 4687 1485 4770 consentiunt.
1526 4705 1642 4769 Forma
1666 4701 1700 4780 ἐς
1721 4705 1920 4788 aliquantum
1944 4703 2074 4789 saepius

369 4831 464 4894 quam
487 4811 520 4875 in
543 4809 676 4893 reliquis
698 4810 788 4876 libris
811 4809 844 4874 in
863 4808 1041 4874 Helleniois
1063 4809 1182 4892 legitur
1203 4809 1373 4893 praecipue
1396 4808 1429 4872 iu
1452 4807 1596 4889 tcpmulis
1618 4813 1715 4890 atque
1738 4815 1813 4872 ante
1836 4808 2017 4872 numeralia
2040 4805 2075 4884 ἐς

370 4910 440 4996 doio,
476 4911 510 4988 ἐς
532 4924 631 4998 τρεῖς,
660 4909 693 4988 ἐς
717 4905 803 4976 ὀκτώ
831 4912 880 4977 ΙΙΙ
905 4916 932 4994 1,
960 4915 1000 4974 22
1023 4911 1120 4988 alibi;
1156 4910 1189 4989 ἐς
1213 4906 1362 4988 ὁπόσοις
1385 4912 1429 4976 IV
1452 4915 1482 4991 2,
1512 4912 1566 4988 13;
1600 4916 1667 4976 tum
1692 4909 1861 4992 ἐσβαίνειν
1883 4911 1899 4973 I
1921 4913 1952 4990 6,
1979 4915 2016 4974 24
2043 4917 2075 4976 ιι
