4678 5748
1102 403 1138 463 13

267 595 323 670 25;
353 588 546 675 ίσβιβάζειν
566 592 583 654 Ι
606 594 635 672 6,
664 595 722 668 24;
750 589 955 656 ἒστίθεσθαι
976 590 992 653 1
1015 593 1044 672 6,
1066 593 1120 670 20;
1147 589 1204 655 sed
1227 590 1339 675 optimi
1361 589 1455 654 codd.
1479 589 1526 654 ibi
1548 611 1672 674 quoque
1696 587 1744 666 είς
1766 595 1884 656 tenent.
1934 591 1972 655 lu

266 695 456 760 Anabaseos
484 694 576 759 libris
606 713 683 760 mss.
709 694 901 777 quibusdem
930 695 1034 760 bonae
1057 700 1150 760 notae
1179 693 1261 759 haec
1283 693 1385 758 forma
1413 693 1531 776 legitur
1552 694 1569 758 I
1593 699 1622 773 1,
1649 697 1686 756 21
1714 690 1900 774 ἐσβάλλειν.
1940 689 1972 756 ΙΙ

267 801 297 876 6,
325 800 366 863 36
390 796 424 874 ἐς
447 797 578 884 φιλίαν.
611 797 659 862 III
682 801 712 880 4,
733 800 773 860 25
797 795 832 874 ίς
854 794 892 862 τὸ
916 797 1044 884 πρανὲς
1067 795 1221 880 ἔβαλλον.
1254 797 1300 860 IV
1323 800 1352 876 3,
1374 799 1414 859 29
1436 800 1516 862 θεῖν
1539 790 1592 861 ἀεὶ
1615 794 1649 873 lg
1672 793 1750 872 τοὺς
1774 796 1970 876 πολεμίους.

265 901 346 982 113,
377 905 390 964 1
417 898 452 976 ἐς
474 897 516 964 τὰ
538 902 643 965 πλοῖα
666 897 880 984 ἐνεβίβασαν.
927 903 1009 982 Vb,
1037 904 1055 963 7
1087 897 1249 975 ἐλθόντες
1272 896 1306 975 ἐς
1328 895 1366 963 τὸ
1391 896 1633 985 στρατόπεδον.
1680 899 1725 964 VI
1749 903 1777 982 2,
1806 901 1847 963 26
1876 897 1910 974 ἐς
1934 893 1971 964 τὸ

267 1000 499 1090 στρατόπεδον
522 1003 746 1090 ἀφικνοῦνται
768 1005 913 1092 saepius,
940 1005 1057 1088 quibas
1079 1004 1160 1070 locis
1182 1002 1241 1069 alii
1263 1003 1356 1070 codd.
1382 1001 1431 1080 εἰς
1454 1005 1601 1070 offerunt.
1648 1004 1686 1068 lu
1708 1003 1826 1088 Cyrop.
1852 1003 1972 1068 formae

267 1106 301 1183 ἐς
324 1126 402 1172 usus
424 1107 478 1171 vix
500 1108 591 1175 nobis
613 1108 750 1173 occurrit
771 1108 804 1174 in
827 1107 1038 1184 editionibus;
1071 1107 1183 1192 optimi
1205 1107 1278 1173 libri
1308 1125 1385 1172 mss.
1413 1105 1461 1184 εἰς
1483 1107 1551 1174 fere
1574 1107 1692 1191 ubique
1714 1107 1834 1172 habent
1856 1108 1872 1170 Ι
1895 1110 1924 1186 2,
1952 1110 1971 1168 4

267 1206 397 1286 εἰςτὰς
419 1207 530 1296 χώρας
552 1208 722 1297 πάρεισιν.
762 1211 846 1293 113,
874 1215 910 1274 21
939 1209 987 1288 είς
1008 1207 1069 1276 δύο
1093 1205 1188 1294 άγειν
1209 1206 1269 1276 τὸν
1292 1207 1403 1291 λόχον.
1443 1210 1492 1274 ΙΠ
1517 1215 1544 1290 1,
1571 1213 1611 1274 42
1635 1210 1684 1287 εἰς
1705 1214 1822 1296 τρίτην
1842 1202 1973 1296 ἡμέραν

268 1325 438 1397 παρεῖναι.
485 1313 529 1378 IV
553 1319 582 1394 5,
611 1319 652 1378 56
681 1313 729 1391 εἰς
752 1311 858 1394 τάξιν.
905 1315 986 1398 Vl,
1013 1317 1050 1377 21
1085 1307 1144 1379 oria
1167 1312 1215 1389 εἰς
1237 1311 1380 1398 μακράν.
1428 1313 1473 1378 VI
1496 1317 1525 1392 2,
1553 1317 1572 1376 2
1601 1311 1649 1389 εἰς
1679 1310 1758 1389 τοὺς
1787 1312 1972 1393 πολεμίους

268 1415 394 1482 ἐλθεῖν.
441 1417 502 1481 VII
528 1421 555 1495 1,
583 1422 602 1480 4
625 1416 674 1494 εἰς
696 1418 768 1502 τρίς
792 1411 963 1484 ἀνέπαυσε
986 1414 1024 1482 τὸ
1048 1415 1251 1502 στράτευμα.
1299 1417 1376 1481 VIII
1401 1421 1429 1496 1,
1456 1419 1496 1481 33
1520 1414 1568 1492 εἰς
1584 1411 1712 1502 ἱκάλλός
1735 1415 1805 1502 ζῆν,
1831 1415 1971 1498 itemque

267 1517 494 1604 εἰσαγγέλλειν
508 1521 585 1585 VIII
609 1523 638 1602 3,
659 1523 716 1602 20,
744 1518 964 1586 είαάλλεσθαι
985 1521 1048 1586 VII
1071 1526 1101 1603 4,
1121 1525 1157 1600 4;
1184 1519 1341 1596 εἰσαῦθις
1355 1520 1432 1586 VIII
1454 1522 1484 1602 3,
1506 1521 1541 1600 83
1568 1519 1784 1603 εἰσέρχεσθαι
1806 1520 1835 1584 V
1858 1521 1887 1598 3,
1910 1521 1966 1594 17;

267 1622 408 1688 εἰσιέναι
429 1623 519 1703 1112,
541 1627 598 1704 39;
626 1623 829 1706 εἰσκομίζειν
850 1626 867 1688 Ι
890 1629 919 1705 4,
938 1629 976 1705 9;
1003 1623 1175 1711 εἰσφέρειν
1190 1623 1234 1689 Vl
1257 1626 1287 1706 2,
1307 1626 1338 1687 9.
1378 1624 1490 1707 Neque
1512 1622 1627 1705 reliqui
1649 1623 1723 1688 libri
1745 1620 1972 1706 Xenophontei

266 1728 363 1810 plane
386 1725 580 1793 dissentiunt
600 1728 641 1792 ab
664 1729 727 1793 hac
749 1729 906 1814 scriptura
927 1747 985 1813 per
1006 1731 1041 1793 ἑῐ
1057 1727 1303 1812 diphthongum,
1330 1734 1366 1792 ut
1387 1727 1441 1791 vix
1463 1726 1552 1812 apud
1567 1725 1814 1811 Xenophontem
1838 1723 1972 1796 ferenda

266 1849 339 1896 csse
361 1831 464 1896 forma
487 1828 521 1906 ἐς
542 1830 702 1896 videatur.

352 1932 422 1997 Iam
449 1933 524 1999 hinc
553 1940 755 2000 transeamus
783 1934 825 1999 ad
855 1933 1121 2020 praepositionem
1150 1931 1258 2013 ἕνεκα,
1292 1952 1376 2015 quae
1406 1932 1502 1998 etiam
1532 1929 1643 1996 εἵνεκα
1666 1930 1823 2012 scribitur,
1857 1937 1890 1996 et
1911 1930 1971 1995 hoc

266 2035 393 2118 quidem
413 2035 540 2100 lonicae
563 2035 695 2102 dialecti
720 2043 752 2103 ελ
773 2045 937 2122 po'e'tarum
960 2037 1158 2103 heroicorum
1181 2036 1342 2121 proprium
1365 2035 1591 2101 videturesse.
1631 2035 1791 2100 Maximus
1806 2033 1971 2098 Planudes

266 2140 350 2204 euim
381 2135 492 2204 εἵνεκα
521 2140 582 2211 vel,
604 2138 730 2205 εἵνεκεν
758 2141 918 2225 poeticum
948 2159 1020 2206 esse
1049 2139 1137 2206 dicit.
1184 2131 1315 2222 Tragici
1338 2139 1513 2223 comicique
1544 2157 1615 2204 eam
1637 2137 1771 2204 formam
1795 2155 1858 2202 uon
1880 2153 1971 2201 rece-

266 2248 395 2326 perunt,
430 2241 488 2307 sed
511 2242 564 2307 ubi
587 2243 691 2326 prima
713 2244 841 2327 syllaba
869 2243 968 2327 longa
990 2262 1071 2328 opus
1094 2250 1179 2326 erat,
1212 2243 1346 2309 formam
1370 2235 1490 2307 οὕνεκα
1512 2240 1744 2322 adhibuerunt,
1778 2259 1875 2323 quam
1898 2239 1972 2304 libri

266 2345 536 2429 praestantissimi
559 2365 662 2429 paene
685 2353 868 2412 constanter
890 2353 1090 2412 conservant.
1138 2346 1203 2412 Cir.
1229 2345 1392 2431 Aristoph.
1418 2347 1494 2410 Pac.
1520 2347 1577 2408 221
1611 2335 1658 2410 ὧν
1680 2337 1792 2409 οὕνεκ’
1818 2337 1877 2408 οὐκ
1901 2335 1969 2407 oic'

267 2447 296 2512 εἰ
327 2442 408 2511 ποτ’
434 2444 578 2534 Εἰρήνην
607 2446 657 2512 ’ἑτι
687 2443 831 2532 ὄψεσθε.
879 2450 967 2514 Eccl.
996 2453 1067 2514 165.
1100 2452 1174 2514 553.
1209 2452 1282 2514 658.
1321 2449 1406 2514 Nub.
1433 2451 1507 2513 361.
1544 2450 1623 2512 1508
1648 2447 1738 2513 alibi.
1786 2446 1851 2511 Suo
1873 2445 1972 2528 Igitur

266 2551 335 2616 iure
358 2571 432 2615 rara
454 2551 629 2634 scripturae
652 2554 801 2636 exempla
824 2553 1005 2618 Branckius
1027 2553 1070 2616 ad
1092 2552 1254 2637 Aristoph.
1281 2553 1357 2638 Lys.
1384 2556 1423 2616 74
1451 2551 1571 2638 expelli
1592 2551 1688 2617 iussit
1713 2569 1848 2633 eumque
1867 2542 1973 2613 'secuti

266 2659 357 2730 sunt,
389 2651 446 2735 qui
476 2659 589 2736 postea
617 2660 730 2739 poetas
752 2655 875 2720 Atticos
898 2655 1077 2722 ediderunt.
1125 2655 1193 2721 Nec
1214 2655 1312 2720 Attici
1340 2674 1456 2740 prosae
1485 2653 1638 2720 orationis
1668 2653 1837 2737 scriptores
1861 2649 1971 2716 εἵνεκα

265 2755 414 2820 videntur
444 2755 624 2822 admisisse.
671 2759 720 2823 Ea
741 2757 872 2840 quidem
894 2758 1095 2842 Thucydidis
1122 2758 1310 2842 optimorum
1334 2758 1478 2824 codicum
1502 2764 1552 2823 est
1574 2756 1672 2836 ratio,
1706 2760 1741 2820 ut
1763 2754 1831 2820 fere
1854 2753 1971 2836 ubique

266 2858 403 2924 Atticam
426 2858 561 2924 formam
578 2857 674 2924 ἕνεκα
690 2861 877 2941 exhibeaut3
903 2862 953 2928 bis
976 2859 1098 2940 ἕνεκεν,
1125 2881 1189 2943 qua
1203 2861 1306 2927 forma
1328 2869 1442 2947 poetae
1459 2860 1551 2926 metri
1566 2879 1667 2924 causa
1681 2865 1821 2939 utuntur,
1848 2857 1930 2936 168,
1952 2859 1971 2918 2

265 2959 378 3026 ἕνεκεν
398 2967 465 3028 τῶν
488 2955 603 3038 αὑτοῖς
627 2961 697 3048 ἰδίᾳ
720 2961 898 3051 διαφόρων
917 2965 952 3029 in
973 2965 1189 3031 Laurentiano
1210 2963 1235 3028 O
1259 2965 1388 3047 legitur,
1413 2959 1499 3048 'quod
1520 2970 1629 3028 tamen
1651 2964 1684 3028 iu
1708 2960 1805 3028 ἕνεκα
1829 2959 1971 3026 radendo

266 3064 403 3130 correxit
424 3085 539 3130 manus
563 3067 720 3145 secunda,
747 3068 791 3132 VI
815 3072 843 3147 2,
864 3073 883 3131 6
908 3067 1075 3154 ἐμπορίας
1098 3065 1210 3134 ἕνεκεν
1233 3075 1290 3154 τῆς
1313 3065 1401 3153 πρὸς
1423 3065 1501 3144 τοὺς
1524 3063 1706 3146 Σικελιαύς,
1733 3085 1796 3149 quo
1818 3064 1889 3128 loco
1913 3062 1973 3128 de-

265 3167 397 3232 teriores
420 3168 549 3251 quidam
573 3169 665 3235 codd.
693 3169 789 3236 Vacuo
812 3172 984 3255 praebent,
1018 3170 1103 3254 quod
1130 3190 1258 3256 semper
1279 3153 1503 3256 Thucydidem
1530 3160 1717 3236 adhibuisse
1740 3169 1855 3234 Thom.
1881 3167 1968 3249 Mag.

266 3269 354 3334 dicit.
402 3269 473 3348 Qua
502 3271 543 3336 de
573 3291 671 3337 causa
698 3272 748 3338 his
770 3294 896 3358 quoque
925 3275 1004 3341 locis
1026 3274 1211 3360 Thucydidi
1240 3273 1337 3339 ἕνεκα
1365 3273 1597 3340 restituendum
1624 3293 1697 3340 esse
1727 3271 1807 3337 mihi
1829 3269 1967 3336 videtur.

265 3372 359 3450 Quod
388 3391 464 3438 vero
486 3373 709 3458 Xenophontis
739 3383 835 3459 atque
861 3377 1004 3444 Platonis
1032 3378 1162 3462 quidam
1191 3377 1265 3443 libri
1296 3378 1417 3460 aliquot
1445 3377 1524 3442 locis
1554 3375 1664 3442 εἵνεκα
1696 3375 1866 3458 exhibent,
1897 3371 1971 3438 ideo
2057 3423 2063 3434 .

265 3476 318 3540 vix
348 3495 420 3541 eam
449 3475 583 3541 formam
615 3477 751 3544 dialecto
780 3480 906 3546 Atticae
939 3481 1107 3547 recentiori
1138 3481 1383 3546 vindicabimus.
1437 3481 1551 3545 Thom.
1576 3480 1664 3562 Mag.
1691 3500 1725 3563 ρ.
1752 3481 1811 3543 361
1844 3474 1967 3561 prodit:

266 3579 323 3640 καί
345 3575 442 3644 ἕνεκα
465 3579 522 3642 καί
545 3575 656 3646 εἵνεκα
679 3579 827 3648 Πλάτων
849 3587 1075 3670 Δημοσθένης
1098 3585 1155 3648 καί
1178 3583 1210 3646 oi
1234 3578 1345 3665 dilue,
1383 3582 1591 3670 Θουκυδίδης
1614 3582 1650 3648 δὲ
1674 3575 1727 3647 ἀεὶ
1750 3579 1858 3646 ἕνεκα.
1906 3577 1972 3644 Sed

266 3681 396 3763 saepius
426 3680 500 3746 libri
527 3701 606 3747 mss.
632 3683 857 3771 Xenophoutci
886 3687 969 3753 inter
997 3685 1093 3752 ἕνεκα
1124 3693 1156 3753 ελ
1186 3685 1298 3752 λ’νεκεν
1325 3686 1452 3752 variant
1479 3693 1511 3752 et
1540 3685 1627 3752 haud
1650 3705 1721 3751 raro
1743 3683 1872 3768 quidem
1895 3689 1971 3748 ante

265 3784 409 3850 vocalem
435 3781 546 3850 ἕνεκεν
567 3787 714 3868 tradunt,
747 3797 782 3854 ut
804 3810 844 3856 ex
874 3790 925 3854 his
948 3790 1026 3855 locis
1048 3790 1218 3873 intelleges
1241 3792 1336 3856 Anal.
1362 3791 1447 3870 113,
1473 3791 1513 3853 20
1542 3793 1633 3865 τίνας
1656 3786 1770 3854 ἕνεκεν
1792 3782 1971 3873 ἐστρατεύ-

265 3910 345 3953 σατε
369 3881 428 3953 ἐπ’
455 3882 568 3954 αὐτόν.
609 3889 651 3954 ib.
679 3891 725 3955 IV
751 3895 778 3972 1,
805 3895 845 3954 22
876 3891 997 3958 τούτου
1026 3891 1139 3960 ἕνεκεν
1162 3888 1267 3970 ὅπως.
1308 3894 1388 3975 V8,
1419 3895 1456 3958 13
1487 3891 1600 3958 ἕνεκεν
1630 3889 1780 3971 ἀταξίας.
1820 3891 1900 3970 Vl,
1931 3891 1970 3950 16

266 3984 421 4077 ἁρπαγῆς
444 3989 567 4058 ἕνεκεν.
618 3988 1182 4078 0161...Ηε11.1115,41ι6ν
1204 4020 1238 4061 τε
1263 3995 1374 4062 ’ἕνεκεν
1397 3995 1550 4081 ἐγένοντο
1575 3990 1694 4082 ἄνδρες
1718 3989 1857 4079 ἀγαθαί.
1905 3990 1970 4056 Sed

266 4093 455 4178 saepissime
478 4096 574 4160 etiam
598 4103 672 4162 ante
694 4098 838 4164 vocalem
862 4096 959 4164 ἕνεκα
983 4099 1142 4182 scribitur,
1168 4100 1214 4165 ita
1236 4107 1271 4166 ut
1293 4099 1371 4166 certi
1393 4098 1568 4184 quidquam
1591 4101 1689 4166 statui
1711 4101 1858 4180 nequeat.

351 4197 411 4260 Pro
444 4199 541 4263 verbo
569 4199 667 4262 κλείει
697 4201 792 4267 Iones
821 4208 916 4284 atque
947 4203 1142 4284 antiquiores
1173 4203 1343 4287 scriptores
1373 4200 1462 4288 κλῄω
1492 4202 1612 4268 dicunt.
1667 4201 1799 4268 Photius
1824 4201 1900 4279 168,
1931 4199 1969 4262 13

137 4363 138 4366 ,
265 4296 345 4363 haec
367 4298 524 4381 prodidit:
551 4301 671 4386 κλῇσαι
694 4301 726 4367 σί
749 4298 885 4390 άρχαῖστ
907 4306 1041 4390 λέγουσι
1058 4299 1098 4370 αὖ
1115 4306 1259 4370 κλεῖσαι·
1285 4306 1342 4369 καλ
1365 4305 1469 4390 abydo
1493 4300 1580 4371 οὕτω
1604 4307 1661 4370 καὶ
1684 4303 1715 4368 oi
1738 4302 1891 4388 τραγικοὶ
1914 4304 1970 4367 καὶ

268 4400 486 4488 Θονκυδίδης.
534 4405 657 4471 Tamen
687 4408 775 4491 apud
802 4407 955 4491 tragicos,
989 4407 1235 4492 Aristophanem
1264 4415 1448 4492 ceterosque
1471 4410 1594 4476 Atheos
1616 4416 1741 4476 veteres
1770 4407 1969 4490 promiscuus

264 4511 314 4569 est
334 4505 369 4569 iu
397 4504 490 4570 codd.
517 4525 593 4572 usus
623 4507 796 4574 formarum
820 4511 918 4576 κλείω
949 4519 982 4578 ελ
1011 4509 1116 4598 κλῄει,
1149 4513 1202 4577 vel
1226 4511 1372 4577 derivata
1393 4513 1434 4577 ab
1464 4513 1524 4579 hoc
1553 4513 1650 4579 verbo
1677 4512 1868 4595 plerumque
1896 4529 1970 4594 pro-

263 4607 386 4674 miscue
409 4613 442 4674 et
463 4629 522 4693 per
549 4614 582 4676 ἐἶ
606 4610 840 4696 diphthongum
863 4621 895 4679 ελ
916 4634 975 4700 per
996 4639 1015 4699 ῃ
1039 4616 1183 4681 exhibita
1205 4615 1416 4700 reperiuntur.
1465 4616 1527 4682 Sed
1558 4622 1643 4681 recte
1665 4614 1815 4680 videntur
1837 4613 1965 4694 fecisse,

265 4709 320 4790 qui
335 4710 439 4776 Photii
463 4719 495 4778 et
516 4719 710 4781 vetustorum
733 4717 1011 4800 grammaticorum
1028 4720 1248 4785 auctoritatem
1271 4719 1372 4784 secuti
1387 4720 1505 4802 ubique
1520 4718 1634 4784 Atticis
1649 4717 1812 4784 veteribus
1836 4717 1969 4782 formam

265 4823 365 4896 perp
391 4821 423 4878 ελ
451 4816 484 4880 iu
506 4819 603 4884 verbo
633 4819 704 4902 ipro
727 4826 760 4886 et
780 4821 813 4886 in
836 4820 990 4886 derivatis
1012 4823 1229 4888 restituerunt.
1276 4822 1330 4888 Sic
1351 4842 1436 4888 nuuc
1458 4822 1575 4904 ubique
1602 4841 1659 4904 per
1681 4821 1824 4888 scenicos
1854 4820 1970 4904 legitur

265 4911 370 5002 κλῄω,
403 4927 438 4981 ut
467 4939 517 5005 ap.
544 4921 662 4988 Aesch.
688 4922 801 5010 Suppl.
828 4926 890 4988 956
919 4925 1134 5014 κεκλῃμένην.
1174 4926 1263 4992 Pers.
1290 4928 1351 4990 123
1382 4925 1513 5007 κλῇσαι.
1554 4943 1608 5007 ap.
1634 4924 1732 5009 Soph.
1758 4924 1797 4989 fr.
1825 4927 1887 4988 635
1917 4928 1969 4988 κέ-
